3382 5110
211 601 332 676 verbis
368 603 487 694 (idque
508 627 549 674 er
577 607 982 700 domitiacinse
1015 607 1160 694 quidem
1192 609 1266 676 iam
1298 605 1389 676 Mat·

212 719 333 790 thiae*
350 719 454 790 uidit.
480 719 642 792 Eandem
662 723 709 790 oi)
727 739 806 792 rem
825 742 893 811 pro
915 741 959 792 eo
977 721 1073 810 quod
1092 721 1286 792 dicendum
1306 729 1415 810 erat,

210 848 251 904 ot
275 837 313 904 id
337 837 503 927 (nampffl
527 843 692 924 quicquid
708 851 756 908 cat
773 845 878 924 atad,
894 845 1002 924 qued.
1018 889 1073 906 ...
1097 838 1204 930 potes)
1220 859 1284 906 reor
1302 859 1389 908 aare·

197 974 363 1036 xpatentur
382 953 520 1023 dietum
541 959 618 1024 est:
647 967 688 1024 ut
707 959 764 1024 ΝΕ
786 958 890 1026 PLllS
916 977 977 1024 etos
1006 959 1248 1040 adaequemur,
1279 957 1391 1034 odiit

212 1069 453 1146 uelutillut!
465 1117 472 1132 .
486 1101 539 1138 .·..
561 1072 794 1140 nolueritis
821 1074 882 1155 ΕΒ,
901 1087 997 1157 quae
1025 1066 1136 1138 verba
1155 1067 1388 1158 parenthesis

210 1183 330 1272 signis
350 1203 423 1252 nou
444 1191 529 1252 sunt
550 1184 781 1256 includenda.
806 1185 997 1256 Pertinent
1023 1186 1123 1256 enim
1143 1185 1190 1254 ad
1208 1203 1389 1276 summam

211 1299 324 1368 totius
342 1300 561 1370 sententiaa.

306 1413 326 1505 ξ
351 1420 430 1485 134⁶
449 1436 532 1486 cum
546 1417 634 1486 boni
647 1418 793 1488 codices
809 1417 973 1486 hocloco
992 1415 1156 1486 lacunoei
1171 1416 1246 1485 sint
1261 1433 1387 1484 omnes

209 1532 318 1617 (nam,
351 1533 446 1620 quod
465 1531 512 1602 32
532 1535 676 1624 integer
701 1533 855 1618 videtur,
872 1532 917 1602 de
937 1533 1006 1602 hac
1024 1550 1067 1600 re
1091 1551 1123 1600 v.
1142 1529 1181 1598 V.
1205 1530 1267 1622 Li,
1288 1537 1389 1602 stau-

210 1646 295 1719 dum
315 1653 381 1735 est,
402 1650 546 1738 opinor,
564 1650 813 1719 recentiorum
830 1647 1062 1734 auctoritate,
1083 1648 1146 1736 qui
1166 1667 1292 1718 omnes
1311 1647 1387 1718 fere

208 1767 436 1840 mammeam
457 1762 646 1853 praebent,
672 1764 766 1852 quod
785 1783 851 1852 per
876 1783 916 1835 se
945 1762 1039 1834 nihil
1059 1761 1170 1834 hebet
1201 1763 1297 1851 quod
1315 1763 1387 1836 (fie-

209 1875 354 1964 pliceat.
1184 1941 1187 1948 Δ

307 1990 327 2083 ἒ
354 1997 433 2060 136.
453 1994 603 2064 usnam
623 1991 738 2062 scribi
757 1992 905 2066 iubebat
921 1993 1066 2080 Belius,
1083 1993 1179 2082 quod
1195 1993 1387 2068 meditatio

210 2107 301 2176 nihil
325 2113 421 2177 esset
442 2109 511 2180 nisi
543 2109 776 2198 praeparatio
795 2109 1063 2196 addicendum,
1087 2116 1138 2196 ut,
1160 2129 1254 2198 quae
1274 2110 1387 2189 medi-

209 2223 325 2310 tandi,
342 2224 469 2295 eadem
489 2223 636 2296 dicendi
662 2245 771 2296 causa
795 2231 1003 2316 egeruntur.
1020 2224 1076 2296 lla
1090 2243 1163 2314 qua
1191 2244 1233 2296 re
1260 2225 1305 2294 es.
1323 2225 1382 2298 Br.

138 2351 141 2356 ’
209 2337 317 2428 5587.
338 2338 397 2423 88,
418 2340 481 2412 uhi
500 2347 647 2431 praeter
669 2346 860 2412 meditaudi
883 2343 996 2412 etiam
1024 2347 1279 2412 munerandi
1309 2359 1387 2412 ver·

210 2454 296 2527 hum
316 2457 443 2527 eadem
460 2458 504 2528 de
522 2479 565 2528 re
585 2463 791 2547 usurpetur.
810 2457 881 2528 Scd
898 2461 1047 2558 discordi
1064 2457 1215 2528 verbiun
1233 2457 1293 2527 hic
1311 2477 1385 2529 non

211 2591 283 2642 uuo
308 2573 457 2642 nomine
479 2573 656 2664 displicet.
685 2573 767 2644 Alia
789 2575 905 2666 igitur
938 2573 1169 2663 corruptelae
1202 2574 1386 2647 sanandae

211 2689 267 2760 via
286 2690 462 2760 tentanda
481 2696 545 2759 est.
578 2690 754 2778 Equidem
773 2709 840 2778 pro
859 2703 922 2758 out
947 2690 1158 2780 scripserim
1177 2711 1230 2775 co,
1260 2697 1301 2758 ut
1320 2713 1388 2760 mo

209 2811 316 2874 ditari
334 2830 374 2876 aa
391 2812 496 2878 dicare
517 2827 582 2896 per
609 2813 733 2876 nolam
754 2805 919 2896 amram,
945 2825 1055 2898 quam
1076 2805 1106 2876 ἓν
1129 2797 1185 2874 διὰ
1211 2799 1297 2876 δυοῖν
1329 2828 1387 2876 vo-

210 2931 306 3010 cent,
325 2924 463 2995 dictum
481 2926 531 2994 sit
556 2944 623 3016 pro
641 2945 684 2996 ao
701 2945 736 3014 q.
756 2929 942 2994 edicendi
959 2947 1061 2994 muco
1074 2931 1251 2996 madunt.

305 3039 427 3131 2138.
447 3041 679 3110 scribendum
708 3060 790 3110 cum
810 3041 849 3109 L.
869 3037 927 3126 81,
947 3041 1011 3128 qui
1029 3040 1130 3110 inter
1149 3046 1386 3127 recentiores,
1452 3117 1458 3122 ,

204 3174 297 3242 utros
319 3157 380 3226 hic
409 3175 551 3246 quoque
575 3158 672 3227 soloe
699 3163 869 3226 auctores
897 3155 1084 3238 habemus,
1107 3177 1202 3227 unus
1221 3159 1386 3246 proxime

209 3272 254 3340 ad
273 3271 485 3342 mutilorum
504 3276 768 3363 praestantiam
798 3272 951 3360 accedit,
969 3287 1000 3342 et
1022 3278 1233 3360 umportous.
1260 3272 1386 3342 Paullo
1431 3330 1433 3334 .

210 3395 296 3458 ante
313 3391 539 3460 recentiores
556 3388 732 3479 plerique,
752 3391 791 3458 iu
818 3387 875 3456 his
898 3386 959 3474 sl,
985 3401 1049 3456 out
1069 3399 1268 3474 mmmmm,
1292 3388 1387 3475 quod

210 3503 276 3590 vel,
303 3506 565 3592 reponendum,
591 3503 646 3573 vel
677 3505 708 3572 si
741 3505 822 3593 quis
846 3503 990 3572 collatis
1009 3503 1062 3570 eis
1091 3520 1185 3590 quae
1205 3501 1237 3570 ll
1269 3498 1387 3592 2133

210 3622 381 3712 leguntur
415 3623 551 3714 (onum
587 3628 773 3711 appellaret,
805 3629 844 3692 io
869 3645 934 3707 quo
958 3627 1032 3690 eiua
1064 3625 1215 3716 personis
1254 3621 1386 3696 ATOllli

290 3902 299 3920 ·
322 3899 355 3957 V.
369 3903 431 3959 eius
448 3901 674 3974 disputationem
688 3881 740 3955 ude
755 3897 939 3956 anacoluthis
956 3899 1032 3970 apud
1043 3893 1230 3953 Ciceronem»
1244 3895 1273 3950 in
1286 3891 1387 3949 wutti

209 3999 342 4056 Analect.
364 4001 442 4057 liter.
464 3999 491 4055 11
506 4017 533 4072 p.
551 3991 579 4056 8.
600 3999 655 4057 Sed
671 4013 708 4054 ne
727 4000 752 4055 is
771 3997 887 4069 quidem
907 3995 1003 4053 omnia
1023 3995 1052 4051 in
1067 3996 1121 4052 hoc
1139 3995 1201 4051 loco
1218 3991 1291 4049 satia
1306 3996 1388 4047 recte

209 4098 365 4168 expedivit.
