3382 5110
545 1297 611 1382 ll.
655 1299 1235 1384 ADNOTATIONES

400 1703 416 1790 5
442 1705 474 1769 2.
505 1701 762 1789 Reponendum
785 1705 839 1769 est
875 1701 967 1790 quod
1002 1722 1045 1767 ex
1071 1701 1159 1790 ng.
1186 1703 1273 1771 honi
1299 1723 1422 1771 omnes
1442 1711 1476 1773 ot

305 1817 371 1884 Gn.
396 1816 418 1882 3
446 1815 582 1885 hebent
605 1823 736 1902 plenos,
771 1817 806 1882 In
830 1815 877 1883 32
905 1822 958 1884 est
979 1816 1123 1904 quidem
1155 1819 1387 1904 plenissimos,
1414 1819 1476 1888 sed

303 1935 342 2000 in
371 1939 572 2017 nosu1¹o,ut
599 1929 655 1998 liis
682 1952 821 2022 quoque
842 1932 962 2021 primo
989 1953 1117 2000 manus
1143 1938 1263 2020 plenos
1287 1929 1476 2022 scripsisse

305 2045 507 2142 mmmm„

402 2166 418 2254 5
445 2169 476 2230 5.
499 2164 751 2230 adolescentulis
771 2161 881 2232 habet
904 2161 962 2248 32,
986 2164 1047 2231 sed
1073 2166 1142 2232 niis
1167 2164 1205 2230 in
1233 2184 1314 2249 ms,
1342 2170 1379 2231 ut
1407 2165 1476 2232 ini-

305 2280 356 2346 tio
382 2281 457 2346 dous
476 2279 650 2367 scripturn
676 2277 786 2346 fuisse
815 2279 996 2364 videatur3
1024 2279 1117 2366 quod
1140 2278 1299 2347 libenter
1325 2299 1478 2367 repone-

269 2438 271 2442 .
304 2415 391 2481 rem,
411 2395 484 2462 nisi
509 2398 548 2464 in
575 2394 733 2462 secundo
755 2415 895 2482 quoque
922 2394 1017 2462 libro
1039 2392 1067 2486 (5
1088 2393 1148 2488 76)
1166 2414 1290 2480 poenos
1309 2407 1370 2460 oid
1388 2401 1479 2461 odo-

306 2516 496 2578 loseonlnlos
527 2507 720 2598 legeretur.

399 2629 415 2716 5
441 2633 471 2692 d.
497 2628 537 2693 in
555 2627 713 2694 omnibns
731 2630 829 2693 relos
849 2623 908 2709 32,
928 2627 1061 2692 orliens
1080 2625 1194 2695 ceteri
1213 2625 1366 2692 codices.
1387 2623 1477 2692 Illud

304 2762 368 2830 per
391 2762 429 2808 se
455 2742 630 2830 optimum
656 2748 710 2810 est
736 2719 771 2807 el
796 2741 855 2808 hic
882 2739 1035 2808 fortasse
1060 2740 1348 2830 praeferendum.
1372 2740 1478 2809 Simi-

304 2857 387 2924 liter
411 2857 507 2924 enim
530 2857 627 2925 infre
655 2853 762 2949 (512)
788 2868 828 2921 od
853 2857 893 2924 in
917 2857 1032 2924 coleris
1054 2854 1174 2947 (εἰη
1192 2857 1307 2924 eoloris
1331 2853 1478 2946 nonos)

303 2975 339 3040 id
363 2975 513 3042 monimo
535 2979 748 3056 docelini...,
771 2977 818 3040 ΙΝ
841 2976 1017 3040 olcodoo
1040 2986 1155 3041 oodoni
1175 2985 1231 3042 etc.

401 3088 449 3155 ib.
474 3095 659 3175 permultos
678 3094 734 3156 ET
749 3090 935 3156 medimnis
955 3084 1011 3172 32,
1045 3089 1138 3175 quod
1161 3110 1236 3156 <lex
1257 3108 1382 3156 errore
1407 3085 1476 3153 flo-

303 3205 397 3272 xisse
414 3211 600 3291 permultos
624 3212 659 3273 el
679 3206 867 3273 decedentis
890 3205 1188 3292 coniungentium
1207 3227 1223 3270 n
1253 3205 1387 3273 iudicat
1408 3202 1474 3269 Eli.

303 3321 468 3387 Fortasse
495 3328 615 3389 tamen
643 3335 671 3389 d
697 3322 742 3390 eb
769 3321 846 3409 ipso
873 3327 927 3389 esi
955 3319 1131 3388 Cicerone
1155 3320 1388 3387 abundanter
1415 3339 1475 3406 po-

303 3440 411 3506 situm
441 3460 483 3506 ex
511 3440 693 3510 communi
729 3439 951 3507 Graecorum
977 3439 1295 3526 Romanorumque
1327 3458 1475 3506 consue-

302 3556 437 3640 ludine,
464 3575 533 3642 qua
555 3556 774 3624 adiectivum
802 3559 936 3622 molins
961 3555 1088 3645 (πολὺς)
1114 3575 1195 3622 cum
1222 3554 1304 3623 aliis
1329 3553 1476 3622 odienti-

301 3674 354 3742 vis
382 3671 556 3759 particula
584 3671 787 3760 copulativa
814 3670 988 3759 iungitur.
1114 3661 1120 3674 '

398 3788 413 3875 5
440 3793 472 3854 8.
497 3789 558 3871 noi
577 3793 662 3856 ante
681 3798 852 3854 oonoerlod
873 3784 1011 3853 addidit
1031 3785 1067 3852 in
1088 3783 1135 3852 32
1159 3789 1345 3852 corrector
1365 3782 1474 3852 simili

301 3921 425 3968 errore
451 3902 631 3989 inductus
652 3922 721 3990 quo
744 3901 900 3969 Adlems
920 3902 965 3969 od
989 3900 1056 3990 115
1079 3897 1137 3986 sl,
1157 3899 1219 3967 ubi
1244 3898 1331 3968 haec
1351 3899 1475 3989 legun-

302 4021 361 4082 tur
380 4019 560 4092 dedocendi
576 4029 658 4084 snnt
677 4023 722 4084 od
740 4038 790 4085 eos
808 4018 868 4102 qni
892 4021 968 4084 doec
987 4021 1120 4096 doconl;
1140 4015 1257 4082 omnio
1277 4016 1350 4084 inm
1370 4020 1475 4102 eoold-

300 4144 377 4198 oolo
402 4144 431 4197 d
455 4132 621 4217 perpolito
647 4125 884 4215 adsequentur,
916 4136 996 4217 post
1017 4136 1132 4196 docent
1158 4128 1311 4196 fortasse
1330 4142 1359 4196 ot
1379 4128 1475 4194 exci-
