3382 5110
824 401 868 502 ⁵4

259 627 492 723 durissimum
509 632 574 694 est.
592 624 785 694 Praeterea
805 625 844 692 in
854 623 918 692 'bis
937 642 1010 692 non
1031 624 1075 693 de
1090 625 1260 694 universa
1280 625 1434 722 actione,

260 747 300 808 ut
321 741 359 809 in
382 741 435 808 eis
456 759 548 828 quae
571 739 687 808 adhuc
707 739 804 807 dicta
829 744 924 823 sunt,
946 737 1006 806 sed
1029 738 1072 806 de
1092 757 1178 808 voce
1197 744 1340 808 tantum
1360 739 1437 830 agi-

259 862 332 925 turv
355 854 636 944 Praestatigitnr
662 859 742 942 post
778 856 1002 922 adhaerescere
1027 851 1166 940 aliquot
1192 852 1303 922 verba
1341 856 1437 926 exci-
1513 947 1517 954 Ι

259 971 354 1040 disse
389 975 562 1056 statuere,
585 968 716 1058 quibus
739 966 786 1036 ab
815 969 869 1037 eis
901 987 993 1056 quae
1018 967 1057 1036 in
1080 969 1290 1038 universnm
1311 971 1435 1040 nimiis

258 1086 381 1157 Crassi
406 1087 450 1155 de
476 1086 620 1156 actione
646 1082 837 1172 postulatis
859 1089 1091 1172 opponuntur
1122 1086 1167 1154 ad
1187 1105 1229 1155 ee
1255 1087 1436 1160 transitur

258 1201 390 1292 quibus
426 1221 535 1290 quarn
561 1201 656 1268 idern
686 1200 730 1267 de
761 1218 846 1274 voce
878 1199 1098 1268 sententiam
1133 1202 1435 1289 pronuntiaverat

257 1319 476 1391 infirmatur.
513 1369 517 1374 .

294 1483 297 1490 -
356 1432 374 1525 ἓ
395 1438 476 1502 261.-
495 1429 590 1512 Quin
611 1429 844 1499 scribendum
865 1430 912 1498 sit
932 1452 1037 1515 acque
1050 1436 1091 1498 id
1107 1438 1287 1502 ansatas
1301 1440 1341 1502 iu
1360 1439 1436 1521 iaco,

256 1549 281 1616 i.
305 1569 336 1617 e.
369 1548 477 1636 idque
507 1544 665 1616 faciebat
686 1566 760 1615 non
780 1547 985 1616 consistens
1017 1564 1106 1633 equ,
1136 1567 1243 1616 nemo
1276 1549 1436 1618 monitus

258 1661 452 1732 dubitabit.
608 1753 610 1757 Ι

357 1776 375 1870 ἓ
395 1781 476 1845 262.
499 1781 591 1844 Hisce
610 1798 664 1862 epo
682 1779 1062 1846 cohortationibus...
1088 1782 1279 1846 incitandos
1303 1784 1435 1848 iuvenes

258 1899 462 1961 ceuaearcr
486 1896 649 1960 meracior
675 1889 826 1958 codices.
847 1888 980 1958 Bakius
999 1909 1065 1978 pro
1086 1909 1128 1958 eo
1151 1909 1185 1978 q.
1210 1909 1243 1958 e.
1273 1898 1437 1962 assentior

258 2008 507 2098 reponendum
528 2025 606 2074 esse
625 2027 743 2074 censea-
760 2003 924 2093 putabat,
947 2005 1042 2092 quod
1064 2025 1181 2094 neque
1203 2009 1437 2096 anteaquid·

258 2143 367 2212 quam
387 2123 431 2192 de
449 2120 647 2191 incitandis
666 2117 858 2187 iuvenibus
880 2117 1030 2188 Cressia
1049 2119 1201 2190 dixisset
1221 2127 1258 2188 et
1277 2129 1437 2194 assentiri

258 2239 505 2308 accusativum
535 2256 617 2304 cum
649 2232 830 2303 infinitivo
861 2253 934 2302 non
966 2239 1121 2324 regeret.
1147 2232 1308 2315 Quorum
1321 2257 1437 2334 ¹argu-

261 2361 466 2423 mentorum
498 2354 655 2423 alterurn
682 2349 759 2417 leve
781 2355 846 2436 est,
877 2355 918 2417 ut
949 2347 1022 2418 iam
1043 2349 1247 2420 Ellendtius
1272 2353 1436 2438 monuit;

258 2471 405 2560 gravius
424 2468 514 2538 illud
533 2469 656 2557 prius3
679 2485 748 2536 nec
770 2470 895 2533 tamen
922 2458 1085 2536 assentior
1110 2465 1188 2536 loco
1209 2469 1435 2555 movendum,

258 2587 321 2654 sed
339 2605 406 2674 pro
426 2589 617 2654 territandos
640 2581 874 2650 scribendum
897 2587 952 2651 est
975 2588 1149 2668 incitanti,
1173 2572 1269 2672 quod
1288 2604 1328 2652 re
1349 2604 1435 2654 vera

258 2698 410 2770 Crassus
430 2699 569 2768 fecerat
591 2697 649 2788 (ci.
670 2696 688 2789 ἓ
713 2696 812 2789 134).

743 2960 956 2972 *-

352 3173 431 3244 Huc
455 3171 637 3242 adiciendi
659 3177 744 3243 sunt
764 3191 853 3260 quos
871 3172 967 3255 ἐντῷ
985 3169 1146 3254 Ἀθηναίῳ
1172 3168 1262 3260 (Vol.
1285 3169 1332 3238 IX
1349 3190 1434 3262 pag.

255 3286 535 3381 301-3oo)ex
555 3289 674 3378 primo
695 3287 789 3358 libro
809 3286 907 3357 locos
929 3286 1095 3356 tractavi.
1115 3285 1209 3356 Sunt
1229 3291 1350 3357 autem
1372 3287 1433 3356 bi:

256 3407 274 3500 ἦ
293 3404 342 3476 38
361 3404 478 3475 delevi
492 3429 599 3491 qnam
618 3402 870 3495 adiunctam}
889 3401 934 3472 61
951 3403 1083 3491 scripsi
1100 3407 1244 3471 scantin
1254 3431 1266 3485 ;
1284 3400 1303 3495 ἓ
1321 3399 1369 3472 82
1384 3402 1437 3472 sic
1527 3439 1536 3454 ·

257 3520 420 3592 correxi:
445 3524 532 3587 Nesrrc
550 3532 683 3606 spernet,
705 3526 767 3606 qut
787 3541 856 3588 sero
869 3568 877 3584 .
890 3567 918 3586 ..
942 3522 1141 3603 attipiacum,
1163 3528 1436 3587 cananeum...

258 3641 420 3706 venissem
438 3638 584 3704 Athenas
594 3638 839 3721 -cornptures
857 3635 999 3702 dordr!
1019 3635 1065 3698 eur·
1082 3634 1150 3698 dier
1167 3652 1246 3698 svau
1260 3681 1268 3698 .
1281 3682 1289 3699 .
1303 3681 1331 3700 ..
1348 3653 1438 3700 wm-

261 3761 493 3834 raorotus-,
515 3757 569 3818 scd
589 3773 668 3819 carre
686 3756 804 3820 cotidie
822 3771 954 3818 ranam
975 3751 1128 3816 baddam
1147 3751 1296 3818 Mmiaas
1315 3753 1437 3820 darn·

261 3875 364 3939 simos
367 3915 464 3953 .....
486 3888 549 3952 pro
573 3886 605 3932 se
628 3871 842 3951 quisque...
867 3869 905 3932 dc
935 3867 1042 3949 afficio
1067 3885 1106 3931 cc
1133 3867 1265 3931 rattcac
1294 3870 1437 3932 arctois

262 3983 483 4069 deputatam
510 3977 529 4070 ἓ
551 3976 624 4047 114
649 3979 801 4068 scripsi:
826 3982 1048 4062 conformatio
1074 3981 1241 4062 quaedam
1275 3981 1364 4048 onis
1383 3982 1442 4047 ET

201 4127 204 4134 ·
268 4096 407 4167 rorida
429 4096 620 4162 CORPORIS
643 4098 813 4176 mititem
835 4092 853 4185 ἓ
878 4089 949 4160 205
970 4097 1174 4174 wadnam
1197 4090 1216 4183 ἓ
1240 4089 1312 4161 208
1330 4099 1371 4162 ia
1391 4098 1437 4162 cis
