3382 5110
902 400 946 474 50

821 499 1030 518 ΜΛΝΜΛΛΝ

334 621 545 708 lescentiae,
582 621 670 690 cedo
695 621 890 708 amicitiae,
916 621 1038 690 tribuo
1072 621 1250 712 parenti.»
1279 620 1371 690 Nam
1405 639 1513 708 quem

333 737 453 806 locum
477 735 583 805 Bruti
608 734 626 827 ἓ
652 733 724 804 306
749 735 908 806 Sorofius
933 736 1127 825 adscripsit
1156 736 1228 804 huc
1254 736 1404 805 minime
1431 757 1517 825 per·

334 852 440 920 tinet.
926 867 928 872 ·

432 965 557 1058 [235.
596 965 656 1034 hio
694 984 836 1053 quoque
868 964 1068 1034 tollendum
1102 964 1281 1033 emblema
1317 962 1511 1056 (courum),

332 1082 428 1172 quod
448 1087 523 1150 tam
550 1079 769 1149 concinnam
792 1081 1025 1166 sententiam,
1047 1081 1085 1148 in
1112 1099 1182 1168 qua
1221 1079 1371 1148 verbum
1402 1079 1515 1150 verbo

334 1197 553 1286 respondeat
589 1195 740 1287 (uovo-
754 1195 1206 1284 trudito-:otieuo—suo),
1244 1183 1406 1283 turpiter
1435 1215 1516 1266 cor-

334 1313 482 1402 rumpit.
509 1312 573 1380 Est
598 1317 721 1381 autem
740 1310 786 1380 ab
812 1331 855 1382 eo
882 1311 1054 1389 additum,
1081 1304 1153 1400 qui¹
1169 1315 1318 1400 propter
1351 1311 1516 1399 interpo-

332 1429 444 1498 situm
470 1426 557 1497 illud
582 1451 656 1496 eoru
680 1447 754 1496 non
780 1427 1021 1496 intellexisset
1047 1427 1282 1517 particulari
1308 1426 1419 1496 verba
1452 1449 1516 1496 suo

333 1548 371 1612 et
395 1549 518 1610 trudito
541 1542 653 1632 iungi,
680 1560 750 1631 quo
777 1541 882 1611 modo
906 1543 1017 1611 etiam
1037 1542 1086 1610 III
1110 1541 1128 1634 ἓ
1154 1541 1223 1610 131
1246 1542 1372 1610 eadem
1400 1542 1514 1611 verba
1633 1575 1636 1582 v

332 1664 611 1748 componuntur.
645 1656 809 1726 Similem
841 1678 1004 1727 errorem
1038 1659 1284 1729 recentiorum
1311 1659 1513 1760 interpola-

332 1779 463 1856 torum,
485 1791 638 1861 quorum
670 1793 780 1841 manu
805 1773 941 1862 integri
969 1773 1120 1860 codices,
1147 1773 1277 1863 quibus
1310 1773 1379 1841 hac
1400 1773 1512 1862 primi

332 1887 418 1956 libri
440 1893 545 1977 parte
578 1885 662 1956 solis
692 1888 748 1955 uti
770 1887 867 1974 licet,
898 1888 1073 1978 descripti
1099 1895 1195 1974 sunt,
1227 1889 1300 1958 iam
1335 1887 1352 1980 ἓ
1379 1886 1427 1955 60
1453 1888 1513 1956 de

334 2004 556 2092 prendimus

431 2119 538 2212 §239
559 2138 657 2209 seqq.
677 2118 753 2189 Duo
776 2119 862 2189 lolia
889 2120 945 2188 vel
965 2122 1119 2212 paginae
1139 2122 1260 2190 sedem
1285 2125 1513 2210 permutasse

332 2237 514 2306 videntum
535 2237 626 2307 Nam
655 2237 685 2305 si
708 2243 788 2325 post
808 2236 941 2305 verba:
963 2242 1089 2318 Quaero
1108 2245 1218 2324 ipitur
1238 2240 1323 2324 quid
1341 2243 1514 2306 adiuverit

331 2368 500 2424 oratorem
525 2361 565 2422 iu
591 2355 644 2421 tris
674 2361 784 2422 cousis
810 2356 901 2422 iuris
921 2355 1031 2422 civilis
1057 2361 1210 2439 scientio,
1240 2378 1319 2422 cum
1346 2360 1398 2422 liic
1421 2355 1513 2420 tues

331 2473 506 2538 consultus
526 2475 678 2554 superior
697 2473 802 2552 fuerit
823 2475 1042 2554 discessurus
1065 2476 1127 2555 qui
1148 2483 1225 2538 esset
1250 2493 1321 2537 uou
1339 2491 1399 2538 suo
1422 2470 1512 2536 urti-

332 2589 417 2667 ficio,
452 2588 506 2650 sed
531 2587 652 2668 otieuo,
685 2589 741 2651 troo
772 2597 819 2653 est
848 2609 918 2653 unu
937 2587 1026 2654 iuris
1057 2588 1210 2670 minutia,
1240 2591 1295 2653 sed
1320 2589 1510 2668 eloquentia

314 2709 316 2713 '
332 2707 545 2765 sustentatus
569 2694 632 2763 illa
659 2695 757 2786 legas
781 2698 812 2790 [ἣ
830 2698 902 2768 242
922 2699 992 2792 b.):
1010 2702 1080 2769 uisi
1098 2723 1174 2769 vero
1187 2751 1194 2766 .
1209 2751 1216 2765 .
1230 2749 1260 2765 ..
1282 2703 1451 2767 Scaevolae
1472 2712 1510 2766 tu

279 2843 283 2850 ·
333 2812 452 2880 libellis
468 2864 476 2880 .
490 2865 497 2880 .
513 2865 543 2880 ..
569 2833 711 2884 causent
732 2818 772 2882 Μ’
799 2817 896 2884 Curii
921 2817 1107 2900 defendisti,
1138 2837 1208 2883 uou
1233 2819 1420 2900 adripuisti
1446 2837 1508 2900 pu-

334 2929 519 2996 trociuium
533 2930 714 3014 aequitatis
733 2948 804 3017 eqs.
819 2951 932 3018 usque
952 2931 1120 3000 adfinem
1141 2931 1158 3023 ξ
1175 2931 1260 3017 245,
1275 2930 1422 3020 egregia
1438 2930 1509 2996 erit

332 3043 600 3110 sententiarum
616 3044 860 3113 cohaerentia.
874 3047 937 3114 His
954 3047 1164 3116 subicienda
1180 3051 1264 3114 sunt
1278 3044 1342 3112 illa
1357 3042 1442 3136 [239
1454 3043 1508 3132 bl:
1561 3101 1568 3106 .

332 3159 494 3241 Equidem
523 3162 580 3225 doc
600 3178 694 3244 saepe
716 3160 835 3228 oudini
863 3157 934 3250 eq‘s.
956 3181 1070 3248 usque
1092 3163 1136 3230 ad
1159 3162 1267 3230 finem
1288 3158 1305 3250 Ξ
1329 3156 1411 3243 240,
1433 3159 1509 3246 qui-

330 3272 408 3342 bus.
424 3271 587 3362 exemplo
620 3271 857 3343 confirmatur
883 3276 959 3362 illa,
989 3297 1096 3365 quam
1121 3277 1157 3370 [ξ
1182 3297 1274 3365 quae
1301 3295 1398 3343 nunc
1425 3280 1507 3342 sunt

332 3385 527 3456 243-245
552 3388 734 3456 Antonius
756 3399 972 3479 exposuerat
1001 3393 1232 3478 sententiam,
1254 3390 1425 3458 Crassum
1452 3389 1507 3458 vel

331 3502 376 3570 ad
397 3502 478 3570 illas
496 3521 635 3582 causas,
661 3521 753 3590 quae
774 3510 873 3573 totae
893 3507 931 3574 in
956 3508 1036 3576 iure
1055 3507 1153 3577 civili
1179 3507 1318 3596 positae
1342 3505 1507 3574 videren-

331 3623 403 3702 tur,
434 3637 506 3686 non
539 3638 582 3684 ex
608 3617 764 3686 lotorum
796 3619 942 3709 libellis,
964 3624 1026 3691 sed
1047 3644 1090 3692 ex
1116 3630 1302 3693 oratorum
1329 3627 1507 3710 apparatu

313 3717 547 3823 argumenta
587 3734 886 3823 deprompturum
928 3738 1053 3809 luisse.
1091 3741 1175 3808 Post
1211 3739 1301 3807 haec
1339 3738 1506 3828 legantur

330 3849 367 3943 [ἓ
386 3849 468 3918 241.
493 3849 564 3917 242
584 3869 605 3916 a
628 3848 755 3942 (usque
774 3852 818 3918 ad
837 3852 900 3920 illa
921 3861 1116 3942 viribusque
1142 3852 1328 3946 torquebit),
1351 3871 1505 3940 quorum

331 3966 462 4053 priore,
481 3972 669 4054 postquam
689 3966 938 4053 superioribus
954 3969 1054 4062 (Nom
1068 3977 1156 4056 quod
1170 3975 1341 4037 mouimus
1356 3963 1457 4058 [238]

329 4093 537 4148 sustentatus
569 4078 656 4171 [239
675 4079 720 4168 a].
748 4087 818 4149 Nisi
840 4105 915 4152 vero
933 4086 1019 4176 [242
1045 4087 1083 4175 b]
1097 4139 1104 4154 .
1120 4139 1128 4154 .
1143 4139 1171 4155 ..
1198 4091 1364 4172 scriptum
1383 4089 1505 4152 uidere·
