3382 5110
673 375 888 493 mium

191 614 272 664 eum
286 596 363 688 (qui
378 601 486 666 antea
500 593 640 690 fnisset)
653 594 825 666 cresum
838 593 1137 666 tuturum‘fuisse.
1147 596 1369 668 Putamusne

191 712 290 798 haec,
310 731 385 782 uon
402 712 521 782 dicam
541 731 562 780 a
583 709 772 793 Cicerone,
785 711 848 780 sed
866 710 913 780 ab
932 711 1080 780 homine
1099 730 1188 781 sano
1208 732 1371 802 pronun-

191 827 278 897 tiari
292 825 614 916 potuisseQuihus
626 827 754 897 eiectis
766 846 860 916 quiae
874 833 1070 916 supersunt
1081 821 1181 896 hanc
1194 827 1369 918 optimam

190 941 382 1012 continent
403 943 646 1012 sententiam:
672 942 805 1030 siquis
827 946 905 1010 tum
935 947 1040 1030 esset,
1066 961 1147 1014 curn
1168 937 1234 1013 hic'
1249 963 1370 1014 sermo

191 1055 399 1144 haberetur,
425 1057 619 1128 autetiam
642 1057 672 1126 si
700 1055 774 1126 ullo
801 1063 966 1146 tempore
991 1075 1070 1126 esse
1095 1065 1226 1147 posset,
1248 1062 1311 1148 qui
1333 1065 1370 1128 et

191 1171 313 1241 omnia
350 1173 462 1242 sciret
495 1179 532 1242 et
559 1192 651 1262 quae
681 1173 795 1242 sciret
821 1168 1054 1244 ornatissime
1084 1179 1205 1263 posset
1236 1174 1370 1264 dicere,

191 1309 272 1360 eum
287 1287 456 1377 protecto
466 1287 587 1378 ipsum
600 1287 770 1358 Crassum
785 1307 899 1358 unum
919 1290 1083 1358 futurum
1101 1290 1223 1359 tuisse.
1242 1289 1369 1364 «Nunc

193 1424 287 1490 vero,
316 1403 416 1472 addit
442 1403 623 1491 scaevola,
641 1423 726 1474 cum
749 1403 902 1474 Crassus
926 1407 959 1473 is
985 1405 1147 1474 nondum
1171 1397 1229 1494 sit,
1254 1409 1370 1478 nemi·

192 1540 276 1590 nem
294 1538 414 1607 neque
432 1537 532 1589 nunc
547 1519 640 1607 esse,
663 1539 781 1610 neque
798 1537 959 1609 unuaram
992 1538 1071 1588 esse
1091 1537 1195 1608 posse
1214 1521 1367 1590 iudicor

192 1635 242 1703 Cf.
269 1634 378 1703 etiam
404 1633 422 1725 ἓ
448 1632 496 1702 95
522 1641 615 1703 extr.

286 1749 306 1843 ἓ
333 1756 387 1820 79.
414 1772 478 1820 esre
494 1757 629 1820 vimmo
654 1749 714 1837 32,
740 1750 835 1839 quod
860 1750 991 1819 melius
1018 1750 1174 1840 vulgato.

288 1866 336 1936 ib.
357 1863 469 1938 verba
486 1889 573 1952 qaae
594 1873 651 1953 e'yo
668 1889 739 1934 noa
755 1869 860 1953 ottipi
876 1886 950 1937 non
977 1887 1051 1935 uno
1074 1867 1223 1936 nomine
1243 1869 1370 1957 inepta

191 1985 285 2047 sunt.
310 1979 472 2051 Primum
503 1979 602 2048 euim
628 1999 666 2048 se
692 1978 898 2048 doctrinam
924 1999 998 2048 non
1029 1978 1195 2068 attigisse
1218 1976 1371 2049 Crassus

191 2097 221 2162 si
244 2095 393 2181 diceret,
420 2095 567 2183 ineptus
589 2100 696 2177 esset,
722 2099 764 2165 ut
781 2095 895 2183 ipsius
918 2093 1037 2164 verbis
1056 2092 1168 2188 (lup
1194 2092 1257 2186 aa)
1274 2101 1370 2183 utar,

191 2223 273 2286 cuni
294 2216 331 2282 et
346 2192 423 2296 eos
443 2211 506 2298 qui
526 2211 692 2296 aderant,
712 2209 822 2283 aliter
840 2210 1108 2280 sentiresciret
1132 2209 1191 2298 (cf.
1210 2209 1253 2294 Η,
1273 2207 1370 2304 364),

190 2333 225 2394 et
251 2326 329 2414 ipse
350 2329 473 2414 postea
492 2323 649 2416 (lp-154
672 2333 745 2414 eqs.
764 2322 851 2416 1112
871 2323 934 2416 74)
949 2325 994 2394 de
1017 2323 1093 2401 suis
1115 2324 1245 2403 studiis
1262 2345 1371 2414 expo·

107 2527 109 2534 Ι
173 2435 327 2511 ¹siturus
351 2445 456 2508 esset.
479 2439 583 2526 Nam,
611 2440 707 2529 quod
737 2439 833 2509 idem
859 2437 1019 2510 Crassus
1034 2437 1139 2509 modo
1165 2438 1269 2518 dixit,
1298 2439 1370 2508 sibi

190 2556 395 2628 doctrinam
409 2555 576 2642 defuisse,
594 2556 632 2624 id
651 2576 723 2626 non
745 2556 797 2627 ita
812 2554 1064 2644 accipiendum
1082 2561 1137 2622 est
1156 2557 1262 2643 quasi
1276 2555 1369 2628 nihil

191 2675 339 2744 omnino
364 2671 562 2758 didicisset,
581 2673 644 2742 sed
670 2673 722 2742 ita
747 2677 787 2742 ut
806 2673 884 2761 ipse
910 2669 959 2742 ΙΙΙ
978 2670 1061 2762 ἓ74
1085 2671 1368 2761 interpretatur,

192 2791 254 2860 ubi
270 2786 321 2866 de
346 2789 421 2858 suis
451 2787 580 2860 studiis
613 2789 652 2858 in
684 2789 782 2860 hunc
808 2787 969 2860 modum.
987 2786 1167 2874 loquitur:
1190 2791 1257 2872 Epo
1277 2795 1371 2857 entim

190 2926 268 2974 sam
288 2894 413 2989 iacui
430 2906 510 2982 caim
532 2905 839 2990 sunno-sudoro
857 2907 1026 2989 peonio
1051 2906 1202 2987 pueritia
1222 2904 1373 2974 Doctus

191 3023 326 3090 ESSEM
440 3033 513 3085 noa
534 3023 659 3104 possim
680 3023 785 3089 dicere
816 3039 868 3089 raa
895 3022 983 3099 ioca,
1006 3039 1093 3104 quae
1113 3038 1208 3088 uarro
1229 3021 1372 3104 compto·

191 3147 270 3218 eor,
288 3135 478 3214 sauros,
499 3135 551 3200 ur
566 3135 695 3202 oleru
709 3109 905 3207 ursorum
921 3133 1040 3214 ussa,
1054 3133 1215 3201 aunon
1232 3129 1370 3202 nunde

192 3251 223 3316 si
252 3247 457 3316 contonam·
483 3253 650 3332 attinuere
689 3253 789 3317 recte
825 3247 973 3332 dicitur,
1012 3251 1121 3316 otium
1153 3251 1190 3312 et
1215 3252 1371 3316 studium

192 3369 324 3434 diceritis·
346 3368 556 3440 acerrimum
580 3366 746 3450 arsinoeo
771 3382 878 3432 nemo
904 3362 1004 3432 dicit.
1032 3381 1035 3388 ⁴

293 3476 312 3570 ἒ
338 3482 394 3546 83.
421 3496 492 3546 sor.
526 3482 694 3559 NAMOHE
729 3484 856 3566 ipsura·
875 3482 1111 3564 cucurutium.
1143 3476 1239 3544 Hinc
1272 3475 1370 3546 enim

191 3595 321 3684 incipit
344 3594 626 3683 argumentatio,
652 3613 724 3682 qua
750 3593 987 3666 Mnesarchus
1012 3593 1234 3665 sententiam
1268 3611 1370 3660 suam

195 3714 410 3793 «oratorem,
436 3707 509 3776 nisi
537 3710 598 3796 qui
624 3707 771 3798 sapiens
797 3713 903 3794 esset,
932 3725 1010 3777 esse
1045 3708 1252 3805 neminem»
1284 3725 1372 3776 con-

192 3824 343 3893 firmare
364 3821 578 3892 conabatur.

291 3945 340 4016 in
364 3945 530 4018 sitienda
557 3953 642 4016 suut
673 3945 736 4036 illa
770 3967 904 4030 eosque..
919 3957 927 4017 ;
942 3999 972 4014 ..
995 3959 1093 4033 purae
1118 3947 1253 4034 quippe
1279 3962 1371 4032 quae

193 4063 238 4131 ed
265 4061 472 4132 Mnesarchi
499 4063 854 4153 argumentationem
874 4061 966 4131 nihil
990 4063 1210 4150 pertineant.
