3382 5110
797 406 837 484 15

327 629 345 722 ἓ
373 636 429 698 71.
455 636 617 698 inomni
641 639 802 700 sermonis
827 655 951 717 pedere.

327 746 344 839 ἓ
379 752 627 815 725Lueiliius.
641 759 836 833 -propter
855 770 995 814 oausam
1020 754 1140 834 ipsam.
1162 748 1204 816 Ι]
1224 747 1305 816 add.
1330 769 1404 815 eom

200 857 201 860 ’
229 868 315 931 ante
328 884 465 929 oensem
480 866 516 928 et
531 866 637 928 notas
653 861 950 948 transpositionis
967 858 1095 947 (ipsene
1108 858 1267 952 oensem)
1280 880 1406 949 super-

231 975 446 1064 scripsit—
462 979 598 1042 volebat.
615 1012 665 1026 -
683 986 713 1041 et
735 980 958 1060 penuriosus.
978 973 1047 1041 Sed
1069 975 1197 1043 etadd.
1218 975 1269 1042 Ι].
1281 1012 1332 1027 -
1352 979 1404 1042 his

230 1090 429 1158 astibus—
443 1102 472 1157 et
490 1097 521 1157 si
540 1099 580 1158 in
599 1095 744 1158 dicendo.
765 1088 836 1156 Sed
850 1103 880 1157 et
900 1089 980 1157 add.
999 1089 1112 1156 L².-
1129 1103 1259 1160 temen.
1279 1142 1287 1158 .
1307 1141 1315 1157 .
1333 1111 1403 1156 non

229 1217 381 1272 etentes·
400 1191 484 1273 add.
505 1205 557 1292 L²,
577 1206 672 1294 apud
692 1225 798 1293 quem
820 1211 874 1272 est
894 1227 1015 1273 eorem
1035 1229 1152 1274 rerem
1171 1213 1268 1274 rudes
1286 1212 1323 1274 et
1342 1218 1404 1272 eut

228 1321 304 1411 (sed
324 1320 393 1389 hoe
416 1319 461 1387 ab
482 1319 554 1388 alio
581 1321 800 1411 correctum)
822 1326 1048 1390 didicerimus.

328 1435 346 1528 ἓ
370 1442 424 1504 73.
442 1449 471 1503 et
489 1443 529 1504 in
547 1442 734 1504 oratoribus
752 1436 807 1527 (L²
826 1436 913 1504 fecit
933 1438 1164 1529 orationibus).
1184 1437 1254 1505 Sed
1270 1450 1301 1531 et
1319 1437 1400 1506 add.

231 1549 272 1616 Ι]
291 1587 340 1602 -
357 1557 627 1635 contionemque.
652 1549 722 1618 Sed
744 1575 807 1636 que
828 1571 984 1620 erasum.
1002 1589 1052 1604 -··
1068 1557 1296 1648 declarentur.
1332 1551 1401 1620 Sed

233 1689 258 1732 n
278 1663 475 1734 inductum.
493 1705 543 1719 -
561 1649 613 1734 isis
634 1673 695 1752 oei
718 1672 818 1736 dieat.
856 1667 925 1736 Sed
953 1673 974 1735 h
993 1673 1225 1756 expunctum.
1243 1706 1293 1720 -
1310 1674 1403 1754 inpe-

233 1790 310 1852 niis.
330 1781 430 1850 Corr.
457 1783 507 1851 Ι].
524 1821 574 1836 -
587 1790 625 1852 in
645 1790 845 1869 instructos,
871 1783 940 1852 Sed
969 1785 1069 1873 prius
1096 1792 1134 1854 in
1154 1805 1231 1873 exp.

329 1899 347 1991 ἓ
377 1904 435 1969 74.
464 1905 618 1985 Amplius
648 1903 768 1968 Crasse.
786 1937 836 1952 -
854 1913 883 1968 et
902 1906 1004 1970 mitt.
1024 1900 1093 1969 Sed
1119 1913 1148 1970 et
1178 1901 1259 1970 add.
1288 1900 1339 1968 Ι].
1355 1938 1405 1952 -

230 2019 341 2081 veiim.
365 2012 406 2079 Ι]
429 2017 553 2080 veliem.
747 2017 750 2025 '
1359 2090 1367 2104 .

329 2127 346 2220 ἓ
376 2134 429 2196 75.
453 2131 549 2206 Otene.
569 2127 609 2195 Ι]
630 2133 693 2196 deo.
707 2166 758 2181 -
770 2139 906 2214 praetor
921 2129 960 2196 in
983 2147 1121 2196 rasura.
1133 2166 1183 2180 -
1200 2135 1317 2196 inrisit
1336 2126 1403 2220 [Ε].

232 2249 539 2332 —philosophiam
558 2226 906 2328 atque-eiusmodi.
925 2244 966 2311 Ι]
992 2249 1037 2313 oi.
1061 2249 1404 2311 huiusmodi—mi·

233 2367 366 2427 nistros.
392 2358 434 2424 Ι]
457 2366 736 2427 -os—orotoris
763 2357 841 2426 add.
866 2379 893 2426 s.
914 2377 940 2426 s.

330 2473 348 2566 ἓ
377 2479 431 2542 76.
456 2477 491 2542 Si
514 2480 567 2542 od.
592 2473 632 2541 Ι]
657 2478 1051 2557 edsio—faceitotes,
1070 2477 1195 2542 -Sed
1214 2480 1243 2541 is
1265 2473 1345 2542 add.
1366 2472 1404 2541 in

232 2591 411 2681 margine.
425 2600 517 2657 -et
543 2595 582 2657 in
603 2612 636 2657 eo
654 2595 788 2658 indicio.
820 2585 925 2658 Corn.
948 2588 989 2655 Ι]
1005 2594 1193 2658 -etten‘e
1218 2593 1255 2656 e‘
1283 2590 1322 2658 in
1348 2609 1407 2658 ra·

231 2684 328 2790 sura,
354 2708 392 2771 Ι]
413 2705 451 2772 in
480 2729 502 2772 o
525 2711 774 2773 mutatum.-
788 2711 918 2773 tiorum.
945 2704 1013 2772 Sed
1035 2711 1056 2771 h
1082 2705 1119 2773 in
1142 2725 1283 2773 rasura.

332 2819 350 2912 β,
379 2825 434 2889 77.
453 2825 650 2890 Forensibus
669 2827 773 2888 rebus.
802 2818 986 2888 Sentetes
1011 2819 1090 2887 add.
1110 2821 1163 2887 Ι].
1181 2833 1405 2888 -oersotor.

234 2913 404 3007 (101*Μή
811 3020 814 3028 ,
1065 2999 1066 3002 ,

331 3052 349 3145 ἓ
379 3059 433 3122 78.
455 3059 528 3139 ipso
547 3073 616 3118 non
635 3053 782 3133 confecit.
802 3048 843 3115 Ι]
860 3060 939 3117 onte
959 3069 1025 3138 pro
1046 3073 1127 3136 non,
1152 3051 1246 3139 quod
1271 3071 1408 3141 expun-

232 3170 297 3237 xit.
315 3207 365 3221 -
384 3174 490 3236 tontis.
517 3164 618 3234 Corn.
645 3166 697 3233 Ι].
1482 3156 1486 3164 ’

336 3282 355 3375 ἒ
383 3288 438 3351 79.
464 3286 554 3362 Quod
570 3289 614 3350 sit
633 3287 690 3350 ibi.
707 3280 810 3350 Corn.
830 3281 1011 3348 L².-esse
1030 3286 1224 3348 videtur-
1238 3273 1309 3348 non
1330 3306 1405 3350 nta-

232 3405 332 3466 ntme.
355 3396 396 3463 Ι]
415 3402 460 3464 ei.
490 3402 643 3464 ininime.
677 3401 755 3462 Non
767 3400 1002 3483 expunctum,
1022 3392 1084 3460 sed
1112 3399 1238 3480 postea
1270 3400 1406 3481 puncta

233 3512 425 3582 deleta-
439 3517 530 3580 erote.
545 3511 587 3579 Ι]
606 3510 814 3599 praeposuit
835 3515 865 3576 Ιι.
877 3545 927 3560 -
940 3514 1044 3576 etiem
1059 3515 1141 3576 iem.
1151 3545 1201 3562 —
1213 3515 1411 3578 deaut-
1461 3544 1468 3553 ·

234 3635 409 3698 eduenses.
429 3626 469 3695 Ι]
488 3633 573 3712 quid
594 3651 620 3696 e.
632 3663 682 3678 —
697 3633 727 3694 si
744 3628 1013 3694 attentes-vet
1034 3631 1158 3693 inuios.
1173 3624 1214 3691 Ι]
1233 3625 1312 3692 add.
1332 3649 1411 3695 meo.

232 3766 344 3829 -epo
370 3765 439 3810 non
462 3749 575 3828 ottioi.
600 3742 670 3810 Sed
694 3763 764 3809 non
790 3741 872 3810 add.
897 3740 948 3807 Ι].
1400 3815 1404 3823 ,

332 3856 351 3950 ἓ
378 3862 434 3926 80.
462 3862 679 3944 loeuplectior.
704 3854 809 3924 Corn.
836 3855 888 3922 Ι].
903 3891 954 3906 -
968 3860 1008 3923 iu
1031 3859 1167 3922 dicendo
1193 3855 1272 3923 add.
1292 3855 1343 3922 Ι].
1362 3893 1412 3910 -

235 3985 401 4042 tiatorem
429 3993 511 4040 oum
539 3978 619 4060 post
642 3994 759 4040 rerem
777 3977 882 4070 esset,
904 3970 1129 4058 transposuit
1155 3970 1207 4038 Ι].

333 4086 351 4178 ἓ
375 4094 431 4158 81.
458 4071 505 4156 do
529 4087 757 4179 (zantere).
771 4070 932 4155 Seddin
948 4089 1198 4154 rasura-Sed
1211 4085 1249 4154 in
1271 4105 1409 4155 rasura.
