3382 5110
887 417 906 462 2

793 490 1006 508 ΑΛΛΙᾺΛΛΛΛΛΝ

298 599 420 679 'etiam
441 629 714 699 nonnumquam
739 631 780 679 ex
810 611 877 678 hoc
901 609 975 678 solo
1001 630 1086 678 vera
1113 609 1221 679 lectio
1240 611 1486 700 depromenda

310 730 375 810 est,
397 745 478 794 cum
505 726 629 811 ceteri,
648 727 678 794 si
697 726 785 794 viris
812 726 928 794 doctis
948 726 1179 814 credendum,
1200 727 1262 814 qui
1283 747 1343 796 eos
1363 729 1487 817 inspe-

310 825 454 927 xerunt,
468 840 631 928 corrupti
650 842 734 908 sint.
752 838 829 920 Qua
847 840 890 908 de
906 861 946 908 re
961 861 1179 928 quamquam
1196 841 1235 909 in
1250 841 1487 912 adnotatione

311 955 450 1041 critica,
474 977 582 1045 quarn
605 957 719 1024 indici
742 957 928 1024 variarum
947 955 1147 1024 lectionum
1170 958 1308 1027 subieci
1330 960 1424 1046 quod
1442 959 1487 1026 ad

311 1072 470 1159 primum
483 1071 618 1140 librum
633 1072 766 1139 attinet
787 1070 1004 1162 singillatim
1024 1073 1184 1161 exposui,
1199 1080 1323 1146 tamen
1337 1094 1488 1163 prorsus

313 1188 445 1257 inutile
460 1209 534 1257 non
554 1189 697 1256 videtur
717 1189 855 1277 aliquot
875 1189 1039 1278 exempla
1056 1191 1129 1258 iam
1150 1191 1209 1258 hic
1228 1191 1404 1279 proferre.
1419 1192 1489 1260 lta-

312 1323 381 1390 que
402 1302 418 1370 1
436 1305 452 1392 5
471 1301 518 1370 53
538 1301 577 1369 L1
595 1304 681 1393 (hae
701 1308 787 1370 nota
807 1302 963 1391 primam
985 1324 1132 1372 manum
1152 1305 1285 1373 codicis
1307 1303 1354 1372 32
1376 1305 1489 1394 signi-

311 1417 433 1510 ficavi)
462 1421 624 1485 maoetmll
651 1415 811 1506 praebet,
839 1436 921 1485 cum
947 1419 986 1486 in
1012 1419 1143 1487 ceteris
1174 1425 1366 1487 mactmlll
1392 1418 1489 1508 lega-

312 1540 390 1618 tur3
409 1534 425 1623 ᾗ
443 1531 515 1600 175
527 1531 566 1598 L¹
588 1539 697 1601 nodet
707 1546 729 1618 t,
746 1533 861 1601 ceteri
881 1538 1011 1609 uudllt;
1027 1533 1095 1623 115
1113 1531 1185 1601 102
1200 1533 1239 1600 L¹
1251 1557 1390 1602 suntme
1410 1559 1489 1602 cum

313 1656 493 1734 acquitate,
524 1647 638 1715 ceteri
663 1671 801 1716 summa
827 1654 941 1715 animi
967 1649 1186 1732 aequitatui.
1214 1669 1245 1716 e.
1283 1648 1490 1737 tranquilli-

313 1768 401 1850 tate,
420 1762 464 1831 de
488 1783 557 1850 qua
577 1763 636 1830 hic
656 1781 729 1829 non
749 1762 881 1851 agitur,
905 1762 967 1829 sed
986 1760 1029 1829 de
1055 1781 1097 1829 ea
1118 1763 1313 1850 aequitate,
1338 1765 1487 1851 quaein

246 1918 248 1923 .
315 1879 532 1947 alterutram
562 1885 704 1968 partem
728 1879 954 1968 propendere
980 1898 1054 1947 non
1074 1880 1185 1963 sinit;
1210 1878 1316 1970 ι1172
1336 1880 1376 1948 L¹
1403 1887 1485 1948 ctus-
1583 1899 1585 1903 ·

315 2004 387 2063 dem
411 2007 457 2062 est
475 2007 505 2062 ct
525 2001 647 2080 cripere
666 2007 696 2068 ct
718 2006 836 2062 contra
860 2016 930 2061 rem
955 1992 1028 2085 [ct]
1055 1999 1367 2082 lurptrtpccuntos,
1397 2015 1490 2085 quae

316 2113 498 2198 scriptura
525 2110 634 2178 tertio
658 2122 687 2176 et
713 2111 830 2178 eiecto
863 2109 1036 2199 optimam
1063 2111 1227 2178 continet
1259 2112 1491 2180 sententiam.

316 2228 385 2308 Qui
424 2228 522 2295 enim
547 2238 665 2295 contra
701 2250 772 2296 rom
797 2227 824 2294 i.
859 2247 889 2295 e.
925 2246 1034 2316 supra
1061 2247 1168 2314 quarn
1201 2248 1265 2317 per
1297 2227 1492 2297 facultates

316 2344 401 2412 licet
421 2343 613 2433 pecuniam
635 2342 803 2432 largitur,
830 2343 865 2410 ei
885 2343 1028 2431 eripere
1049 2325 1196 2412 necesse
1216 2345 1297 2430 erit,
1316 2350 1356 2412 ut
1381 2345 1493 2412 detri-

316 2465 481 2528 mentum
520 2457 748 2526 fortunarum
785 2478 932 2525 suarum
967 2459 1124 2542 sarciat3
1162 2464 1198 2525 et
1224 2460 1276 2527 sic
1309 2458 1491 2527 intellexit

318 2577 435 2644 locum
463 2575 525 2662 qui
553 2575 591 2642 in
613 2573 735 2642 codice
762 2573 816 2640 illi
840 2595 912 2642 rem
935 2574 1191 2663 superscripsit
1214 2579 1423 2658 facultatem.
1449 2574 1490 2642 In

317 2689 451 2758 ceteris
469 2695 523 2757 est
544 2711 615 2756 ram
634 2694 808 2774 publicum
831 2689 966 2778 inepte.
991 2688 1114 2758 Potest
1133 2691 1231 2757 enim
1251 2691 1331 2777 quis
1351 2696 1387 2757 et
1408 2709 1492 2758 con·

316 2813 374 2874 tra
393 2803 657 2893 rempublicam
678 2803 807 2894 largiri
828 2805 1021 2894 pecuniam
1043 2811 1222 2901 ettamen
1243 2824 1317 2874 non
1338 2806 1491 2894 eripere,

317 2925 347 2990 si
374 2922 427 2990 ita
445 2921 544 2990 dives
575 2925 641 3006 est,
667 2926 718 3005 ut,
755 2920 785 2986 si
816 2920 902 3010 quid
936 2940 980 2988 ex
1006 2920 1069 2989 illa
1106 2920 1303 3010 largitione
1329 2941 1388 2990 res
1415 2921 1492 2989 eius

211 3051 213 3056 ·
315 3036 528 3106 detrimenti
547 3035 678 3123 capiat,
691 3033 770 3103 leve
788 3035 834 3103 sit
855 3032 965 3122 atque
985 3038 1168 3126 exiguum·
1189 3037 1237 3103 ΙΙΙ
1259 3039 1275 3127 5
1294 3035 1368 3104 180
1385 3060 1489 3121 quum

316 3157 388 3220 vela
422 3150 529 3231 solus
554 3153 595 3217 ut
620 3149 774 3235 videtur,
801 3148 848 3218 32
874 3150 1037 3237 omittit;
1068 3157 1181 3219 recte.
1213 3157 1283 3220 Vela
1307 3151 1405 3220 enim
1429 3157 1492 3221 aut

318 3272 459 3356 partem
479 3265 616 3356 navigii
634 3284 707 3334 non
727 3265 902 3352 efficiunt,
922 3273 995 3353 aut,
1017 3267 1047 3334 si
1068 3267 1241 3354 efficiunt,
1263 3274 1340 3336 tum
1360 3288 1494 3337 memo·

317 3384 424 3453 randi
444 3388 550 3451 erant
574 3387 610 3451 et
636 3382 802 3451 funeset
822 3383 915 3450 remi
940 3389 976 3452 et
1000 3388 1123 3451 cetera
1150 3404 1252 3471 quae,
1271 3364 1380 3452 sicuti
1404 3385 1494 3474 vela,

318 3519 392 3568 non
424 3499 477 3566 ita
503 3499 549 3568 ad
575 3499 759 3588 navigium
794 3500 993 3587 pertinent,
1028 3504 1067 3567 ut
1091 3498 1255 3567 membra
1281 3499 1327 3566 ad
1352 3519 1494 3589 corpuS,

246 3599 253 3612 '
318 3613 533 3703 quibuscum
554 3614 613 3682 hic
633 3613 772 3703 navigii
798 3619 922 3704 partes
942 3621 1212 3704 comparantur,
1237 3635 1354 3704 neque
1373 3616 1495 3714 minus

318 3752 427 3820 quam
446 3730 526 3802 vela
549 3732 734 3822 navigium
755 3737 791 3800 et
811 3737 945 3800 ornant
965 3737 1002 3800 et
1024 3731 1208 3800 adiuvant.

325 3902 327 3908 .
416 3845 633 3937 Descriptus
660 3853 714 3916 est
740 3852 862 3916 autem
889 3845 948 3916 hic
975 3847 1084 3916 codex
1115 3847 1160 3915 ab
1193 3847 1340 3915 homine
1373 3844 1495 3914 Latini

320 3964 498 4032 sermonis
518 3963 659 4053 ignaru,
683 3964 746 4052 qui
771 3982 879 4032 omne
904 3983 1071 4032 errorum
1092 3982 1218 4054 genus
1242 3962 1281 4029 in
1301 3981 1388 4049 quos
1417 3961 1495 4030 eius

320 4079 418 4148 modi
443 4078 588 4148 librarii
614 4079 794 4158 incidunt,
830 4078 987 4148 admisit.
1026 4079 1127 4160 Quod
1164 4083 1287 4146 tamen
1319 4084 1495 4147 nontam
