3382 5110
884 407 932 486 36

802 511 1016 530 'mm

318 636 463 700 runtur.
487 629 553 700 Illa
578 641 730 719 quoque
743 636 801 700 noc
819 636 963 718 profecto
984 651 1056 720 eqs.
1075 631 1120 700 ad
1141 629 1258 702 finem·
1273 629 1496 718 paragraphi

318 767 338 816 a
358 745 534 830 Cicerone
557 745 767 818 abiudicare
787 765 861 820 uon
881 746 1019 832 debite,
1039 745 1291 835 quibusquam
1310 744 1497 814 artissimo

317 862 586 932 sententiarum
613 881 709 930 nexu
742 862 940 934 coniuncta
969 866 1054 932 sunt
1076 860 1258 953 (forsitan.
1348 879 1501 930 murmu-

318 984 460 1048 nicnrtt.
495 983 556 1048 Sed
579 985 610 1046 oi
628 1001 682 1046 rna
705 983 821 1046 auom
846 977 934 1068 etc.)
954 976 1075 1048 aliena
1090 995 1092 1000 ·
1110 976 1327 1065 interposita
1353 981 1501 1046 senten·

317 1096 370 1164 tia
389 1094 447 1186 (de
466 1097 566 1188 omni
588 1093 755 1178 scientia,
782 1110 856 1162 non
880 1092 923 1162 de
940 1091 1169 1182 philosophia
1188 1091 1409 1178 tantum‚·de
1428 1112 1499 1180 qua

317 1214 355 1277 et
381 1211 421 1278 in
447 1208 748 1278 antecedentibus
784 1215 819 1277 et
845 1211 883 1277 in
918 1209 1155 1297 sequentihus
1191 1209 1327 1300 agitur)
1354 1208 1501 1284 discer-

318 1332 465 1416 pantur.
500 1326 648 1394 Addidit
675 1326 737 1412 qni
764 1323 901 1412 aliquid
927 1325 1163 1410 desideraret,
1193 1323 1289 1412 quod
1326 1324 1379 1392 eis
1405 1343 1499 1411 quae

317 1447 405 1510 sunt
422 1443 477 1510 ito'
492 1445 742 1528 proruentinbit,
764 1453 809 1508 nt
822 1493 851 1509 ..
868 1492 896 1509 ..
916 1442 1072 1510 videntur
1095 1446 1138 1514 et*
1148 1451 1246 1526 teque
1270 1441 1439 1508 mmmmm
1450 1491 1459 1506 .
1470 1490 1499 1507 ..

316 1559 488 1645 seperabit
526 1557 775 1646 responderet.
815 1557 997 1648 Imperite.
1023 1556 1142 1652 Quodx
1161 1556 1259 1624 enim
1287 1554 1331 1623 de
1365 1554 1498 1623 ceteris

317 1669 521 1760 disciplinis
547 1671 692 1756 dicitur,
713 1672 752 1739 in
779 1674 859 1739 eam
885 1671 1142 1760 philosophiae.
1159 1671 1313 1758 partem,
1340 1687 1432 1757 quae
1452 1669 1496 1736 de

254 1839 256 1844 -
318 1786 481 1856 moribus
507 1792 573 1872 est,
597 1806 670 1855 non
699 1786 805 1856 cadit.
831 1785 973 1874 Cetera,
1001 1789 1032 1856 si
1064 1793 1188 1855 orator
1214 1802 1288 1854 non
1316 1783 1498 1868 didicerit,

318 1909 443 1972 tamen
475 1917 557 1971 cum
580 1921 603 1970 a
629 1902 757 1992 peritis
783 1903 983 1991 quaesierit
1007 1920 1140 1974 ornare
1167 1899 1302 1988 poterit
1330 1899 1497 1976 dicendo,

318 2019 377 2087 hic
408 2018 452 2085 de
478 2017 552 2086 vita
576 2018 678 2086 etde
700 2016 862 2086 moribus
894 2017 993 2086 locus
1019 2029 1105 2085 noun
1131 2015 1269 2086 oratori
1290 2014 1500 2104 perdiscen-

318 2135 384 2202 dus
408 2138 474 2202 est.

415 2247 517 2340 3712
542 2253 581 2316 tn
613 2255 714 2342 orant
745 2253 909 2316 emmonis
940 2243 1138 2330 perterriti,
1172 2263 1264 2332 quae
1291 2243 1494 2334 elegantior

317 2343 513 2434 verborum
532 2362 724 2432 collocatio
749 2360 1005 2450 anteponenda
1025 2367 1081 2428 est
1100 2360 1280 2450 vulgatae.

267 2565 270 2573 r
415 2479 433 2571 ἓ
462 2485 518 2548 72.
550 2501 690 2547 comune
726 2485 838 2565 msam
864 2475 921 2562 32,
948 2476 1043 2563 quod
1076 2476 1199 2564 probo.
1225 2474 1367 2545 Usitato
1394 2476 1493 2544 enim

316 2595 512 2666 verborum
539 2595 668 2664 ordine
693 2601 878 2679 converso,
901 2593 1041 2662 maiore
1059 2594 1217 2682 quadarn
1234 2594 1281 2680 vi,
1303 2593 1397 2681 quod
1420 2593 1455 2660 h.
1475 2591 1496 2660 l.

318 2709 500 2779 sententia
522 2708 686 2799 postulat
712 2709 788 2800 (rid
813 2709 942 2796 ipsum,
969 2707 1064 2796 quod
1089 2707 1157 2776 tibi
1185 2707 1378 2778 ¹subiratus
1403 2713 1494 2792 erat,

317 2826 488 2896 effecerat
525 2833 564 2894 ut
602 2826 712 2894 mihi.
733 2827 854 2894 minus
891 2829 985 2894 esset
1017 2823 1259 2916 familiarior),
1295 2836 1495 2912 pronomen

317 2941 478 3010 effertur.
773 2991 776 2996 -
1027 2957 1037 3014 ’,

415 3057 434 3150 Ξ
462 3063 518 3126 73.
545 3062 617 3126 Non
637 3061 789 3126 ,tenebor
809 3069 933 3136 tennn,
959 3062 1088 3142 inplet,
1109 3059 1273 3142 amplius,
1304 3057 1416 3126 Crasso
1436 3051 1495 3140 32,

317 3191 412 3260 quae
430 3169 625 3240 verborum
650 3169 850 3254 collocatio,
870 3175 910 3236 ut
928 3172 1045 3256 irriguit
1067 3189 1088 3238 a
1108 3169 1272 3240 vocativo
1291 3187 1365 3236 uno
1385 3167 1497 3236 verbo

316 3286 372 3354 vel
399 3285 566 3376 pluribus
592 3291 793 3374 separetur,
821 3284 1193 3373 frequentissimam
1223 3284 1262 3354 in
1285 3281 1344 3350 his
1377 3279 1494 3354 libris.

317 3401 424 3472 Velut
443 3402 458 3470 I
476 3402 495 3496 ξ
516 3402 564 3472 45
581 3425 665 3486 non,
687 3424 777 3486 sunt,
809 3407 937 3487 inquit,
967 3408 1108 3487 menn,
1131 3405 1294 3474 Soooootn
1318 3397 1371 3468 ct.
1386 3401 1419 3490 ἓξ
1437 3399 1496 3471 80.

318 3515 400 3586 110.
423 3517 505 3588 lat.
525 3513 608 3588 163.
634 3517 678 3602 ll,
702 3516 759 3586 71.
784 3513 867 3594 366.
886 3516 945 3596 Ill,
971 3515 1053 3586 132.
1130 3527 1137 3590 ζ

416 3633 518 3725 ἓῖδ.
553 3641 608 3704 sed
645 3640 686 3720 ir,
718 3641 749 3703 si
772 3639 866 3721 cun
898 3647 975 3708 meat
1006 3644 1078 3706 «αισι
1115 3635 1150 3704 si
1172 3633 1290 3702 ctiam
1325 3644 1496 3718 cunonem

316 3752 452 3843 [scisso
477 3763 541 3819 out
566 3749 801 3839 vercellense
823 3763 938 3838 posset.
964 3749 1064 3830 Quae
1083 3749 1354 3836 circumscripsi
1384 3747 1495 3818 rerba

317 3865 507 3956 nugatoris
533 3871 724 3954 sunt-,non
746 3864 944 3938 Ciceronis.
965 3861 1030 3934 An
1045 3866 1165 3956 enim,
1185 3864 1248 3954 qui
1268 3865 1359 3936 hacc
1383 3864 1496 3937 inler-

317 3983 377 4069 sit,
402 3983 433 4051 si
458 3977 538 4071 quis
563 4002 724 4070 unquam
748 3981 886 4074 (antea)
919 3983 1058 4069 fuisset,
1088 3981 1224 4069 inquo
1250 3981 1413 4050 omnium
1438 4001 1498 4051 re·

316 4117 399 4166 rum
434 4096 587 4166 scientia
629 4117 711 4168 cum
743 4116 888 4170 summa·
907 4097 1117 4187 eloquentia
1154 4096 1352 4170 coniuncta
1389 4077 1511 4177 esset,‘
