3382 5110
743 385 788 460 53

657 483 869 505 mmm

47 639 48 698 p
182 629 255 676 nem
279 613 555 677 mancationem
572 613 754 675 citorimos
770 606 1000 694 apertissime
1019 606 1163 675 docent.
1188 604 1234 675 Ut
1254 607 1352 704 enim

183 720 351 812 Tigellius
369 728 411 790 ob
430 728 499 791 imo
516 741 629 810 usque
648 727 693 790 od
711 744 889 790 commone
907 740 1035 790 sonum
1057 741 1143 792 voce
1162 721 1352 810 paullatim

46 925 47 928 Ἴ
181 838 398 908 ascendente
425 844 461 907 et
488 844 618 908 contra
650 836 790 907 abhoc
821 837 866 906 ad
893 837 996 906 illum
1026 839 1269 910 descendente
1303 837 1353 906 ’la

46 959 48 1014 l
180 954 286 1046 Βάκχε
314 953 505 1039 clamabat,
538 956 591 1024 sic
623 953 687 1023 isti
712 953 876 1044 tragoedi
906 955 1038 1024 cotidie
1064 955 1184 1041 toties,
1210 956 1352 1045 quoties

180 1070 443 1158 praescriptum
470 1076 559 1155 erat,
585 1087 709 1138 vocem
743 1069 877 1138 sensim
905 1069 962 1138 vel
984 1069 1193 1140 excitabant
1222 1070 1278 1140 vel
1297 1091 1355 1141 re·

181 1188 363 1280 cipiebant
396 1187 446 1256 'lb
477 1188 584 1255 Παιὰν
615 1186 672 1256 vel
699 1186 750 1253 'lb
774 1187 886 1279 ΝόμιεΙ
902 1186 1114 1275 clamand03
1139 1208 1209 1278 qua
1244 1188 1289 1257 de
1313 1210 1353 1258 re

180 1301 310 1372 citandi
323 1301 536 1372 vocabulum
556 1303 595 1371 in
611 1307 691 1370 arte
711 1300 915 1391 legitimum
931 1302 1043 1373 fuisse
1058 1301 1227 1372 videtur*.
1243 1309 1356 1374 Paeon

181 1421 292 1512 igitur
310 1425 347 1489 et
374 1425 487 1488 illontia
506 1420 565 1512 (ci.
583 1419 626 1489 N.
647 1418 686 1486 D.
705 1417 754 1486 III
773 1416 792 1511 ξ
810 1416 869 1506 23,
887 1418 950 1488 ubi
970 1418 1056 1488 libri
1078 1438 1204 1488 omnes
1227 1424 1358 1489 Nomio·

181 1538 271 1630 nem)
311 1542 395 1605 sunt
431 1536 490 1605 hic
525 1533 704 1624 Apollinis
741 1534 1016 1624 appellationes,
1043 1554 1117 1604 non
1153 1537 1358 1606 carminum

182 1674 327 1744 genera,
348 1659 388 1721 ut
414 1657 544 1742 putant
564 1652 808 1741 interpretes;
830 1653 892 1740 qui
914 1651 1005 1724 mihi
1024 1653 1164 1723 homini
1183 1655 1223 1722 in
1250 1653 1361 1723 musi·

183 1771 232 1842 cis
252 1770 347 1856 rudi,
362 1775 400 1837 at
419 1767 569 1836 auribus
588 1787 662 1836 non
681 1769 835 1854 carenti,
855 1769 1089 1837 ostenderent
1112 1768 1255 1858 vellem,
1274 1789 1362 1858 quo-

183 1907 267 1956 nam
295 1886 398 1954 modo
430 1883 511 1952 fieri
531 1884 643 1973 possit
669 1889 708 1952 ut
731 1903 855 1952 vocem
886 1885 1142 1975 agranissimo
1163 1887 1208 1954 ad
1229 1887 1363 1955 acutis·

183 2005 323 2074 simum'
352 2021 481 2070 sonum
507 1999 711 2068 excitantes
750 1997 806 2067 vel
834 2007 962 2070 contra
1000 2001 1046 2071 ab
1081 2003 1149 2072 hoc
1186 2003 1232 2072 ad
1257 2001 1363 2072 illum

184 2119 405 2208 recipientes
431 2115 612 2185 Paeanem
638 2134 822 2202 canamus
848 2137 944 2206 cum,
973 2120 1067 2186 sieut
1092 2119 1131 2186 in
1159 2121 1258 2188 omni
1283 2137 1364 2188 car-

183 2237 293 2320 mine,
320 2235 372 2304 ita
396 2234 436 2302 in
461 2231 602 2301 Paeane
634 2251 773 2320 quoque
797 2235 894 2302 acuti
915 2239 1098 2324 etgraves
1119 2235 1199 2303 soni
1223 2240 1362 2304 certam

184 2374 224 2424 ac
253 2351 393 2443 legibus
412 2351 589 2420 carminis
610 2350 798 2420 delinitam
824 2353 945 2420 sedem
966 2357 1158 2440 occupent,
1183 2369 1291 2439 quam
1317 2370 1361 2420 ex

184 2468 336 2540 libidine
366 2468 534 2554 canentis
565 2468 767 2556 permutari
794 2488 868 2538 non
902 2467 1022 2555 liceat,
1043 2469 1137 2557 quod
1167 2474 1290 2537 tamen
1310 2467 1363 2538 ia-

185 2586 354 2658 ciendum
380 2587 428 2654 sit
448 2585 492 2670 ei,
518 2584 582 2672 qui
613 2582 676 2654 illo
697 2586 971 2655 exercitationis
1001 2581 1134 2674 genere
1154 2590 1289 2656 utatur.
1308 2585 1361 2657 Ex

185 2703 241 2772 bis
262 2721 323 2772 ecs
342 2719 483 2790 quoque
503 2717 646 2768 errasse
663 2705 826 2790 apparet,
840 2700 903 2788 qui
922 2719 988 2788 pro
1003 2719 1045 2768 eo
1058 2720 1091 2789 q.
1110 2719 1140 2766 e.
1162 2707 1360 2771 mononem

184 2816 417 2889 scribendum
438 2834 516 2884 esse
537 2807 680 2884 nomem
706 2814 761 2884 vel
790 2822 961 2902 hymnam
983 2805 1216 2885 censuerunt.
1275 2893 1277 2902 χ

284 2931 409 3025 ἓ252.
438 2937 554 3018 spotti,
581 2949 648 3020 pro
681 2950 751 3020 quo
784 2932 823 3000 in
859 2930 1047 3001 nonnullis
1072 2928 1178 3000 libris
1209 2936 1362 3019 spatium

186 3053 298 3136 extat,
321 3048 519 3137 genuinum
555 3064 628 3115 non
660 3047 815 3117 videtur.
844 3046 958 3118 Multo
990 3046 1089 3115 enim
1123 3045 1265 3136 planior
1294 3047 1362 3116 hoc

187 3166 304 3236 eiecto
328 3162 368 3232 fit
394 3161 521 3232 oratio.
553 3161 724 3248 Tantum,
754 3163 874 3251 inquit
895 3164 953 3250 Α.,
986 3163 1130 3250 assequi
1163 3180 1365 3251 possumus,

186 3292 361 3366 concnam
385 3284 491 3348 detor
515 3277 555 3369 (i.
578 3297 610 3346 e.
634 3279 778 3368 assequi
799 3278 899 3371 licet)
918 3286 955 3347 tn
980 3285 1042 3347 boc
1062 3283 1132 3347 ocio
1157 3297 1230 3365 eqs.

287 3392 336 3462 ib.
366 3394 412 3462 ad
446 3392 506 3465 lin.
532 3399 612 3482 post
643 3401 762 3482 peritis
787 3394 963 3462 excidisse
994 3392 1138 3462 videtur
1166 3397 1248 3480 poti.
1272 3391 1365 3462 Nam

189 3515 375 3598 moenere
399 3533 421 3578 o
439 3514 557 3596 peritis
581 3508 675 3578 mira
701 3514 756 3578 est
780 3508 928 3577 locutio.

259 3703 261 3707 ,
284 3626 304 3719 ἓ
323 3632 405 3696 258.
418 3632 506 3712 qood
524 3647 578 3712 epo
594 3646 666 3717 eqs.
683 3631 773 3708 Quod
791 3625 949 3696 Sorollus
966 3643 1045 3692 esse
1062 3628 1167 3713 putat
1186 3623 1212 3691 i.
1232 3641 1267 3712 q.
1281 3623 1367 3709 qoass

193 3748 234 3812 lis
258 3749 345 3812 ectio
367 3749 424 3827 stt,
449 3741 543 3829 quod
565 3762 610 3810 ex
635 3741 884 3832 superioribus
903 3739 1121 3810 eliciendum
1143 3739 1200 3808 sit.
1232 3741 1280 3808 At
1298 3739 1365 3808 boc

269 4004 282 4033 '
301 4007 384 4078 Apud
403 4005 514 4064 Livium
532 4005 596 4074 (45,
613 4001 667 4072 38)
690 4013 733 4064 est
754 4009 859 4064 ciere
885 4007 1120 4078 triumphum
1140 4005 1293 4062 nomine
1314 4021 1366 4076 pro

193 4121 227 4162 eo
248 4121 276 4177 q.
299 4121 325 4160 e.
359 4105 533 4162 clamare
564 4105 598 4162 io
629 4108 849 4178 triumphe.
