3382 5110
791 419 810 490 3

694 517 908 536 mmm

210 642 404 710 dolendum
433 649 486 710 est
512 643 612 711 nobis
639 661 747 731 quarn
768 641 978 710 laetandum
1006 643 1101 729 quod
1121 650 1271 731 propter
1293 643 1388 713 hanc

120 831 124 842 ,
211 759 326 846 ipsam
353 759 536 832 inscitiam
571 758 663 826 nihil
688 778 730 825 ex
753 758 903 847 ingenio
928 777 992 825 suo
1019 759 1174 825 mutavit
1208 777 1250 828 ac
1270 759 1389 848 siquid

211 881 360 962 propter
386 875 613 965 exemplaris
640 895 709 962 quo
730 873 913 958 utebatur,
938 873 1158 961 scripturam
1183 894 1256 943 non
1281 875 1389 944 intel-

179 991 339 1059 lectam
377 994 567 1080 pervertit,
602 993 653 1060 ita
681 998 803 1060 tamen
836 992 1000 1079 corrupit
1027 997 1067 1059 ut
1096 993 1269 1076 ‚omnibus
1305 994 1383 1062 fere

211 1106 299 1172 locis
334 1128 377 1175 ex
404 1113 576 1195 corrupta
612 1106 812 1196 apographi
852 1106 1010 1174 lectione
1036 1106 1210 1176 facillime
1236 1109 1322 1196 quid
1348 1109 1387 1178 in

210 1221 406 1311 archetypo
441 1222 551 1290 fuerit
578 1222 710 1290 elicere
737 1222 860 1310 possis
895 1220 997 1300 Quod
1027 1221 1169 1290 utinam
1197 1225 1387 1293 semidocti

209 1337 272 1424 qui
298 1336 378 1425 plus
412 1357 484 1406 uno
507 1339 592 1407 huic
620 1337 735 1405 codici
762 1337 987 1425 corrigend0,
1015 1339 1046 1405 si
1073 1339 1126 1405 dis
1151 1338 1282 1427 placet,
1305 1361 1387 1429 ope-

208 1473 288 1520 ram
322 1473 423 1521 suam
457 1458 650 1537 naverunt,
685 1473 731 1520 ne
760 1452 885 1538 multa,
911 1470 1002 1538 quae
1028 1472 1139 1541 prave
1166 1455 1303 1543 scripta
1330 1457 1385 1525 vel

210 1574 330 1635 essent
361 1567 418 1636 vel
445 1570 497 1636 eis
530 1569 753 1652 viderentur,
789 1566 948 1635 radendo
983 1566 1038 1633 vel
1064 1567 1136 1636 alio
1170 1588 1240 1656 quo
1280 1571 1385 1640 modo

211 1701 327 1770 paene
349 1684 501 1751 evanida
521 1683 785 1766 reddidissent;
804 1701 897 1768 quae
918 1685 1041 1748 tamen
1062 1684 1198 1751 acriter
1224 1684 1384 1755 intuenti

210 1799 476 1896 diligenterque
511 1797 718 1886 inquirenti
761 1796 882 1864 omnia
919 1795 996 1864 fere
1031 1817 1158 1865 rursus
1194 1807 1383 1888 apparent.

211 1916 397 1984 Eiusmodi
417 1921 501 1982 sunt
521 1915 694 2003 pleraque
714 1933 757 1979 ex
781 1913 843 1990 eis,
869 1932 961 2000 quae
994 1911 1112 1979 virum
1146 1913 1189 1981 de
1208 1912 1383 1983 Cicerone

210 2032 345 2119 optime
387 2031 560 2098 meritum
601 2029 914 2118 Lagomarsinium
957 2028 1242 2096 versatissimum
1280 2029 1382 2098 illum

208 2148 353 2233 quidem
379 2146 563 2214 hominem
600 2145 640 2211 in
668 2142 852 2211 codicibus
885 2143 1160 2230 pertractandis
1207 2145 1268 2211 sed
1306 2144 1384 2214 lon-

209 2263 335 2352 ginqui
363 2262 545 2350 taediique
569 2259 668 2348 pleni
692 2259 811 2346 operis
842 2257 1009 2325 molestia
1029 2277 1302 2345 nonnumquam
1323 2260 1384 2328 de-

207 2380 340 2449 fessum
372 2400 414 2448 ac
441 2378 699 2447 dormitantem
726 2375 909 2464 fugerunt.
937 2372 1046 2441 Cuius
1081 2382 1260 2463 apparatu
1296 2397 1381 2445 usus

207 2499 409 2569 Ellendtius
436 2493 621 2574 codicibus
646 2493 721 2580 ipse
745 2511 818 2559 non
837 2491 1011 2579 inspectis
1033 2510 1075 2558 ea
1101 2491 1145 2557 de
1165 2490 1233 2559 hoc
1259 2480 1382 2562 codice

206 2614 370 2699 tradidit·
391 2631 482 2700 quae
504 2609 534 2676 si
556 2607 636 2695 quis
656 2609 829 2693 sequatur
850 2604 893 2671 de
913 2623 954 2671 eo
981 2611 1082 2672 recte
1102 2606 1295 2674 aestimare
1314 2627 1381 2677 ne-

206 2740 324 2804 oueat.
343 2731 453 2798 Cuius
473 2727 526 2795 rei
547 2721 710 2811 exempla
730 2740 840 2809 supra
861 2719 969 2787 attuli
987 2727 1023 2788 et
1049 2721 1117 2788 hoc
1137 2740 1280 2809 quoque
1303 2723 1382 2792 loco
1481 2743 1484 2752 ·

205 2819 276 2918 alia
310 2845 492 2927 afferrem,
519 2841 591 2908 nisi
625 2836 758 2905 molem
790 2834 897 2904 huius
929 2833 1045 2902 libelli
1082 2837 1177 2902 iusto
1203 2838 1381 2906 maiorem

205 2965 357 3033 evadere
384 2957 528 3027 nollem.
561 2951 679 3021 Unum
708 2949 798 3018 illud
824 2950 1130 3036 praetereundum
1169 2969 1243 3017 non
1283 2957 1381 3039 puto,
1433 3005 1435 3010 .

204 3079 298 3169 quod
320 3073 523 3146 Ellendtius
550 3067 844 3151 recentioresque
871 3063 1029 3130 editores
1056 3063 1158 3131 illum
1195 3071 1380 3133 auctorem
1475 3143 1478 3148 ¹

202 3176 325 3264 secuti'
353 3193 509 3261 narrant
546 3185 643 3252 hunc
670 3180 829 3249 codicem
857 3177 1112 3246 lacunosorum
1146 3179 1263 3247 solum
1289 3199 1381 3268 quae
1413 3237 1419 3245 .

204 3313 249 3381 ab
275 3310 356 3380 aliis
383 3307 516 3377 absunt
542 3301 636 3369 libro
662 3296 711 3364 ΙΙΙ
735 3297 751 3385 5
773 3291 956 3361 l9-l10
977 3313 1139 3362 servasse
1166 3313 1175 3383 r
1185 3295 1330 3364 Ellendt
1354 3295 1379 3382 l,

205 3448 283 3516 pag.
308 3426 398 3493 XIV.
428 3421 481 3490 Cf.
504 3419 640 3506 Kayser
666 3410 853 3480 Ciceronis
879 3407 998 3498 Opera
1021 3411 1113 3477 rhet.
1140 3411 1155 3476 I
1183 3430 1260 3500 pag.
1287 3410 1379 3500 XX).

204 3541 302 3608 Haec
328 3545 448 3607 autem
480 3533 601 3603 omnia
628 3549 648 3596 a
684 3524 891 3594 recentiore
923 3522 1075 3593 librario
1113 3532 1191 3613 post
1218 3524 1381 3594 Lauden-

204 3678 279 3726 sem
299 3658 487 3724 inventum
505 3628 707 3738 perscripta
734 3645 819 3708 sunt
840 3641 879 3707 in
898 3639 995 3709 foliis
1017 3642 1132 3712 codici
1152 3643 1225 3710 iam
1245 3643 1381 3711 descri-

201 3781 265 3864 pto
291 3751 545 3841 assutis.ldem
571 3758 763 3831 dicendum
789 3756 832 3823 de
859 3755 976 3824 altera
1004 3757 1135 3831 lacuna
1162 3757 1195 3852 (I
1218 3757 1380 3848 §428-

201 3887 303 3984 457),
329 3906 399 3974 qua
422 3882 531 3950 codex
559 3877 605 3945 32
629 3890 755 3942 carere
777 3869 906 3936 fertur.
928 3870 966 3937 V.
993 3869 1076 3938 Var.
1096 3871 1179 3940 lect.

297 4001 491 4070 Praeterea
516 3991 657 4062 fallitur
691 3982 895 4052 Ellendtius
918 3983 1013 4070 quod
1036 3986 1197 4054 codicem
1220 4005 1241 4054 a
1265 3985 1379 4074 Lago-

201 4120 376 4190 marsinio
412 4132 565 4184 numero
592 4109 614 4176 :l
640 4109 806 4175 notatum
838 4100 990 4188 periisse
1017 4102 1115 4171 dicit.
1142 4103 1249 4172 Extat
1265 4104 1376 4175 ⁴enim

1241 4235 1251 4274 ι
1265 4218 1276 4244 .
