<?xml version="1.0" encoding="UTF-8"?>
<!DOCTYPE html PUBLIC "-//W3C//DTD XHTML 1.0 Transitional//EN"
    "http://www.w3.org/TR/xhtml1/DTD/xhtml1-transitional.dtd">
<html xmlns="http://www.w3.org/1999/xhtml" xml:lang="en" lang="en">
 <head>
  <title>
</title>
<meta http-equiv="Content-Type" content="text/html;charset=utf-8" />
  <meta name='ocr-system' content='tesseract 3.04.00' />
  <meta name='ocr-capabilities' content='ocr_page ocr_carea ocr_par ocr_line ocrx_word'/>
</head>
<body>
  <div class='ocr_page' id='page_1' title='image "./codicisciceroni00lagogoog_0040.png"; bbox 0 0 3382 5110; ppageno 0'>
   <div class='ocr_carea' id='block_1_1' title="bbox 750 396 795 474">
    <p class='ocr_par' dir='ltr' id='par_1_1' title="bbox 750 396 795 474">
     <span class='ocr_line' id='line_1_1' title="bbox 750 396 795 474; baseline 0 0"><span class='ocrx_word' id='word_1_1' title='bbox 750 396 795 474; x_wconf 80' lang='lat'>33</span> 
     </span>
    </p>
   </div>
   <div class='ocr_carea' id='block_1_2' title="bbox 664 497 879 519">
    <p class='ocr_par' dir='ltr' id='par_1_2' title="bbox 664 497 879 519">
     <span class='ocr_line' id='line_1_2' title="bbox 664 497 879 519; baseline 0.014 -3"><span class='ocrx_word' id='word_1_2' title='bbox 664 497 879 519; x_wconf 59' lang='grc' dir='ltr'><strong><em>ἈΜΛΛΛΑΛΜΝ</em></strong></span> 
     </span>
    </p>
   </div>
   <div class='ocr_carea' id='block_1_3' title="bbox 171 621 1422 2686">
    <p class='ocr_par' dir='ltr' id='par_1_3' title="bbox 181 621 1362 1176">
     <span class='ocr_line' id='line_1_3' title="bbox 282 621 1362 715; baseline 0.002 -25"><span class='ocrx_word' id='word_1_3' title='bbox 282 621 301 714; x_wconf 68' lang='grc' dir='ltr'><em>Ξ</em></span> <span class='ocrx_word' id='word_1_4' title='bbox 329 623 384 690; x_wconf 83' lang='grc'>46.</span> <span class='ocrx_word' id='word_1_5' title='bbox 411 625 489 692; x_wconf 75' lang='lat' dir='ltr'>doec</span> <span class='ocrx_word' id='word_1_6' title='bbox 512 635 605 692; x_wconf 77' lang='lat' dir='ltr'>ortos</span> <span class='ocrx_word' id='word_1_7' title='bbox 623 621 779 715; x_wconf 82' lang='lat' dir='ltr'>[uestro]</span> <span class='ocrx_word' id='word_1_8' title='bbox 800 635 935 712; x_wconf 66' lang='lat' dir='ltr'>prosto</span> <span class='ocrx_word' id='word_1_9' title='bbox 963 637 1002 710; x_wconf 86' lang='lat' dir='ltr'>te,</span> <span class='ocrx_word' id='word_1_10' title='bbox 1027 627 1141 694; x_wconf 70' lang='grc'><strong>644444</strong></span> <span class='ocrx_word' id='word_1_11' title='bbox 1158 671 1166 692; x_wconf 91' lang='grc'><strong>.</strong></span> <span class='ocrx_word' id='word_1_12' title='bbox 1183 673 1191 688; x_wconf 95' lang='grc'><strong>.</strong></span> <span class='ocrx_word' id='word_1_13' title='bbox 1211 672 1245 689; x_wconf 91' lang='grc'>..</span> <span class='ocrx_word' id='word_1_14' title='bbox 1271 624 1362 692; x_wconf 81' lang='lat' dir='ltr'>ioris</span> 
     </span>
     <span class='ocr_line' id='line_1_4' title="bbox 182 736 1361 829; baseline 0.006 -25"><span class='ocrx_word' id='word_1_15' title='bbox 182 739 486 822; x_wconf 63' lang='lat' dir='ltr'>insurrecturos</span> <span class='ocrx_word' id='word_1_16' title='bbox 505 747 600 807; x_wconf 76' lang='lat' dir='ltr'>octor</span> <span class='ocrx_word' id='word_1_17' title='bbox 616 753 699 808; x_wconf 87' lang='lat' dir='ltr'>curn</span> <span class='ocrx_word' id='word_1_18' title='bbox 718 736 896 808; x_wconf 86' lang='lat' dir='ltr'>Carbonis</span> <span class='ocrx_word' id='word_1_19' title='bbox 918 740 1032 810; x_wconf 85' lang='lat' dir='ltr'>aetati</span> <span class='ocrx_word' id='word_1_20' title='bbox 1053 745 1269 829; x_wconf 86' lang='lat' dir='ltr'>opponatur,</span> <span class='ocrx_word' id='word_1_21' title='bbox 1291 757 1361 827; x_wconf 88' lang='lat' dir='ltr'>quo</span> 
     </span>
     <span class='ocr_line' id='line_1_5' title="bbox 182 841 1360 946; baseline 0.003 -28"><span class='ocrx_word' id='word_1_22' title='bbox 182 850 322 920; x_wconf 87' lang='lat' dir='ltr'>Mucius</span> <span class='ocrx_word' id='word_1_23' title='bbox 348 871 422 920; x_wconf 91' lang='lat' dir='ltr'>non</span> <span class='ocrx_word' id='word_1_24' title='bbox 449 851 564 920; x_wconf 88' lang='lat' dir='ltr'>multo</span> <span class='ocrx_word' id='word_1_25' title='bbox 590 841 710 922; x_wconf 84' lang='lat' dir='ltr'>minor</span> <span class='ocrx_word' id='word_1_26' title='bbox 737 859 827 922; x_wconf 84' lang='lat' dir='ltr'>natu</span> <span class='ocrx_word' id='word_1_27' title='bbox 849 852 961 922; x_wconf 82' lang='lat' dir='ltr'>tuisse</span> <span class='ocrx_word' id='word_1_28' title='bbox 982 855 1124 924; x_wconf 80' lang='lat' dir='ltr'>videtur</span> <span class='ocrx_word' id='word_1_29' title='bbox 1155 852 1360 946; x_wconf 77' lang='lat' dir='ltr'><strong>(biennium</strong></span> 
     </span>
     <span class='ocr_line' id='line_1_6' title="bbox 181 958 1361 1061; baseline 0.005 -28"><span class='ocrx_word' id='word_1_30' title='bbox 181 967 280 1034; x_wconf 89' lang='lat' dir='ltr'>enim</span> <span class='ocrx_word' id='word_1_31' title='bbox 308 967 407 1036; x_wconf 83' lang='lat' dir='ltr'>inter</span> <span class='ocrx_word' id='word_1_32' title='bbox 443 958 634 1057; x_wconf 81' lang='lat' dir='ltr'>utriusque</span> <span class='ocrx_word' id='word_1_33' title='bbox 678 968 908 1040; x_wconf 80' lang='lat' dir='ltr'>consulatum</span> <span class='ocrx_word' id='word_1_34' title='bbox 933 967 1169 1061; x_wconf 74' lang='lat' dir='ltr'>intercessit),</span> <span class='ocrx_word' id='word_1_35' title='bbox 1195 979 1317 1039; x_wconf 76' lang='lat' dir='ltr'>metro</span> <span class='ocrx_word' id='word_1_36' title='bbox 1339 985 1361 1038; x_wconf 89' lang='grc'>4</span> 
     </span>
     <span class='ocr_line' id='line_1_7' title="bbox 182 1081 1237 1176; baseline 0.002 -24"><span class='ocrx_word' id='word_1_37' title='bbox 182 1081 301 1152; x_wconf 83' lang='lat' dir='ltr'>Mucio</span> <span class='ocrx_word' id='word_1_38' title='bbox 327 1085 450 1154; x_wconf 86' lang='lat' dir='ltr'>vocari</span> <span class='ocrx_word' id='word_1_39' title='bbox 477 1101 551 1153; x_wconf 89' lang='lat' dir='ltr'>uon</span> <span class='ocrx_word' id='word_1_40' title='bbox 580 1084 712 1174; x_wconf 88' lang='lat' dir='ltr'>potuit.</span> <span class='ocrx_word' id='word_1_41' title='bbox 741 1085 941 1156; x_wconf 85' lang='lat' dir='ltr'>Delendum</span> <span class='ocrx_word' id='word_1_42' title='bbox 968 1085 1083 1176; x_wconf 84' lang='lat' dir='ltr'>igitur</span> <span class='ocrx_word' id='word_1_43' title='bbox 1107 1097 1237 1155; x_wconf 80' lang='lat' dir='ltr'>nostro.</span> 
     </span>
    </p>

    <p class='ocr_par' dir='ltr' id='par_1_4' title="bbox 171 1196 1422 2327">
     <span class='ocr_line' id='line_1_8' title="bbox 279 1196 1360 1295; baseline 0.002 -27"><span class='ocrx_word' id='word_1_44' title='bbox 279 1199 331 1268; x_wconf 83' lang='lat' dir='ltr'>ib.</span> <span class='ocrx_word' id='word_1_45' title='bbox 352 1196 381 1290; x_wconf 63' lang='grc' dir='ltr'>(ἓ</span> <span class='ocrx_word' id='word_1_46' title='bbox 401 1197 463 1295; x_wconf 81' lang='grc'>40)</span> <span class='ocrx_word' id='word_1_47' title='bbox 481 1197 836 1292; x_wconf 78' lang='lat' dir='ltr'>seribendum&#39;puto:</span> <span class='ocrx_word' id='word_1_48' title='bbox 870 1215 929 1276; x_wconf 81' lang='grc'>144</span> <span class='ocrx_word' id='word_1_49' title='bbox 944 1207 1055 1290; x_wconf 76' lang='lat' dir='ltr'>moptt</span> <span class='ocrx_word' id='word_1_50' title='bbox 1079 1208 1192 1272; x_wconf 78' lang='lat' dir='ltr'>studio</span> <span class='ocrx_word' id='word_1_51' title='bbox 1208 1208 1360 1291; x_wconf 71' lang='lat' dir='ltr'>propt-to,</span> 
     </span>
     <span class='ocr_line' id='line_1_9' title="bbox 180 1315 1366 1410; baseline 0.001 -26"><span class='ocrx_word' id='word_1_52' title='bbox 180 1335 287 1400; x_wconf 77' lang='lat' dir='ltr'>quom</span> <span class='ocrx_word' id='word_1_53' title='bbox 318 1335 459 1386; x_wconf 74' lang='lat' dir='ltr'>mettere</span> <span class='ocrx_word' id='word_1_54' title='bbox 493 1316 935 1404; x_wconf 55' lang='lat' dir='ltr'>sincerissimam.</span> <span class='ocrx_word' id='word_1_55' title='bbox 964 1317 982 1410; x_wconf 65' lang='grc' dir='ltr'>ξ</span> <span class='ocrx_word' id='word_1_56' title='bbox 1009 1315 1081 1388; x_wconf 76' lang='lat'>44:</span> <span class='ocrx_word' id='word_1_57' title='bbox 1107 1336 1179 1388; x_wconf 80' lang='lat' dir='ltr'>nort</span> <span class='ocrx_word' id='word_1_58' title='bbox 1206 1319 1244 1388; x_wconf 82' lang='lat' dir='ltr'>id</span> <span class='ocrx_word' id='word_1_59' title='bbox 1275 1318 1366 1388; x_wconf 77' lang='lat' dir='ltr'>mitt</span> 
     </span>
     <span class='ocr_line' id='line_1_10' title="bbox 176 1423 1366 1518; baseline 0 -18"><span class='ocrx_word' id='word_1_60' title='bbox 176 1431 351 1504; x_wconf 73' lang='grc'><strong>41444144</strong></span> <span class='ocrx_word' id='word_1_61' title='bbox 372 1443 499 1518; x_wconf 72' lang='lat' dir='ltr'>oram,</span> <span class='ocrx_word' id='word_1_62' title='bbox 532 1433 763 1518; x_wconf 71' lang='lat' dir='ltr'>cortesours,</span> <span class='ocrx_word' id='word_1_63' title='bbox 789 1423 861 1502; x_wconf 75' lang='grc'><strong>4114</strong></span> <span class='ocrx_word' id='word_1_64' title='bbox 899 1433 1065 1513; x_wconf 74' lang='grc'><strong>0414111</strong></span> <span class='ocrx_word' id='word_1_65' title='bbox 1084 1435 1269 1518; x_wconf 67' lang='grc'><strong>41104414,</strong></span> <span class='ocrx_word' id='word_1_66' title='bbox 1294 1455 1366 1501; x_wconf 79' lang='lat' dir='ltr'>non</span> 
     </span>
     <span class='ocr_line' id='line_1_11' title="bbox 174 1547 1366 1639; baseline 0.003 -25"><span class='ocrx_word' id='word_1_67' title='bbox 174 1548 359 1616; x_wconf 76' lang='lat' dir='ltr'>commoni</span> <span class='ocrx_word' id='word_1_68' title='bbox 372 1559 551 1617; x_wconf 78' lang='lat' dir='ltr'>oratorum</span> <span class='ocrx_word' id='word_1_69' title='bbox 565 1552 729 1633; x_wconf 75' lang='lat' dir='ltr'>facultate</span> <span class='ocrx_word' id='word_1_70' title='bbox 739 1551 971 1636; x_wconf 78' lang='lat' dir='ltr'>poese.-Soo</span> <span class='ocrx_word' id='word_1_71' title='bbox 981 1555 1126 1637; x_wconf 77' lang='lat' dir='ltr'>proprio</span> <span class='ocrx_word' id='word_1_72' title='bbox 1142 1549 1254 1618; x_wconf 87' lang='lat' dir='ltr'>etiam</span> <span class='ocrx_word' id='word_1_73' title='bbox 1272 1551 1288 1639; x_wconf 61' lang='grc' dir='ltr'>ᾖ</span> <span class='ocrx_word' id='word_1_74' title='bbox 1305 1547 1366 1638; x_wconf 87' lang='grc'>56,</span> 
     </span>
     <span class='ocr_line' id='line_1_12' title="bbox 181 1661 1359 1753; baseline 0.003 -25"><span class='ocrx_word' id='word_1_75' title='bbox 181 1661 244 1729; x_wconf 90' lang='lat' dir='ltr'>uhi</span> <span class='ocrx_word' id='word_1_76' title='bbox 263 1662 405 1732; x_wconf 87' lang='lat' dir='ltr'>fallitur</span> <span class='ocrx_word' id='word_1_77' title='bbox 430 1661 575 1732; x_wconf 81' lang='lat' dir='ltr'>Ellendt</span> <span class='ocrx_word' id='word_1_78' title='bbox 597 1665 736 1752; x_wconf 76' lang='lat' dir='ltr'>proprio</span> <span class='ocrx_word' id='word_1_79' title='bbox 768 1663 1009 1753; x_wconf 75' lang='lat' dir='ltr'>interpretem</span> <span class='ocrx_word' id='word_1_80' title='bbox 1037 1663 1359 1735; x_wconf 80' lang='lat' dir='ltr'>redolere-dicens.</span> 
     </span>
     <span class='ocr_line' id='line_1_13' title="bbox 171 1767 1364 1870; baseline 0.003 -24"><span class='ocrx_word' id='word_1_81' title='bbox 171 1807 178 1821; x_wconf 89' lang='lat'><strong>·</strong></span> <span class='ocrx_word' id='word_1_82' title='bbox 279 1777 297 1870; x_wconf 66' lang='grc' dir='ltr'>ἓ</span> <span class='ocrx_word' id='word_1_83' title='bbox 326 1784 381 1847; x_wconf 86' lang='grc'>48.</span> <span class='ocrx_word' id='word_1_84' title='bbox 406 1781 479 1848; x_wconf 83' lang='lat' dir='ltr'>nisi</span> <span class='ocrx_word' id='word_1_85' title='bbox 500 1781 532 1848; x_wconf 87' lang='lat' dir='ltr'>oi</span> <span class='ocrx_word' id='word_1_86' title='bbox 558 1782 621 1865; x_wconf 83' lang='lat' dir='ltr'>qct</span> <span class='ocrx_word' id='word_1_87' title='bbox 644 1781 729 1848; x_wconf 84' lang='lat' dir='ltr'>dioct</span> <span class='ocrx_word' id='word_1_88' title='bbox 750 1801 805 1848; x_wconf 84' lang='lat' dir='ltr'>eo.</span> <span class='ocrx_word' id='word_1_89' title='bbox 819 1829 827 1846; x_wconf 86' lang='lat'><strong>.</strong></span> <span class='ocrx_word' id='word_1_90' title='bbox 842 1831 849 1848; x_wconf 91' lang='lat'><strong>.</strong></span> <span class='ocrx_word' id='word_1_91' title='bbox 863 1767 873 1848; x_wconf 47' lang='lat'>⁴.</span> <span class='ocrx_word' id='word_1_92' title='bbox 896 1790 1052 1867; x_wconf 75' lang='lat' dir='ltr'>percepto</span> <span class='ocrx_word' id='word_1_93' title='bbox 1071 1779 1242 1868; x_wconf 71' lang='grc'><strong>6111139,</strong></span> <span class='ocrx_word' id='word_1_94' title='bbox 1268 1782 1364 1870; x_wconf 86' lang='lat' dir='ltr'>quod</span> 
     </span>
     <span class='ocr_line' id='line_1_14' title="bbox 181 1891 1366 1981; baseline 0.003 -24"><span class='ocrx_word' id='word_1_95' title='bbox 181 1891 233 1958; x_wconf 85' lang='lat' dir='ltr'>ite</span> <span class='ocrx_word' id='word_1_96' title='bbox 254 1891 457 1978; x_wconf 85' lang='lat' dir='ltr'>tuebimur,</span> <span class='ocrx_word' id='word_1_97' title='bbox 471 1898 513 1962; x_wconf 86' lang='lat' dir='ltr'>ut</span> <span class='ocrx_word' id='word_1_98' title='bbox 524 1927 527 1934; x_wconf 79' lang='lat'><em>.</em></span> <span class='ocrx_word' id='word_1_99' title='bbox 539 1892 782 1981; x_wconf 76' lang='lat' dir='ltr'>explicemus3</span> <span class='ocrx_word' id='word_1_100' title='bbox 809 1896 880 1962; x_wconf 84' lang='lat' dir='ltr'>nisi</span> <span class='ocrx_word' id='word_1_101' title='bbox 904 1895 957 1962; x_wconf 84' lang='lat' dir='ltr'>ito</span> <span class='ocrx_word' id='word_1_102' title='bbox 974 1906 1016 1962; x_wconf 80' lang='lat' dir='ltr'>ot</span> <span class='ocrx_word' id='word_1_103' title='bbox 1040 1895 1070 1964; x_wconf 83' lang='lat' dir='ltr'>ci</span> <span class='ocrx_word' id='word_1_104' title='bbox 1088 1895 1150 1980; x_wconf 82' lang='lat' dir='ltr'>qui</span> <span class='ocrx_word' id='word_1_105' title='bbox 1167 1896 1251 1964; x_wconf 78' lang='lat' dir='ltr'>dicet</span> <span class='ocrx_word' id='word_1_106' title='bbox 1268 1917 1307 1964; x_wconf 85' lang='lat' dir='ltr'>eo</span> <span class='ocrx_word' id='word_1_107' title='bbox 1318 1945 1366 1963; x_wconf 90' lang='lat'>...</span> 
     </span>
     <span class='ocr_line' id='line_1_15' title="bbox 179 2005 1422 2096; baseline 0.004 -22"><span class='ocrx_word' id='word_1_108' title='bbox 179 2021 334 2094; x_wconf 74' lang='lat' dir='ltr'>percepto</span> <span class='ocrx_word' id='word_1_109' title='bbox 358 2009 440 2076; x_wconf 75' lang='lat' dir='ltr'>siret.</span> <span class='ocrx_word' id='word_1_110' title='bbox 465 2007 521 2075; x_wconf 81' lang='lat' dir='ltr'>cf.</span> <span class='ocrx_word' id='word_1_111' title='bbox 549 2005 681 2078; x_wconf 76' lang='lat' dir='ltr'>Caesar</span> <span class='ocrx_word' id='word_1_112' title='bbox 706 2010 748 2078; x_wconf 89' lang='lat' dir='ltr'>B.</span> <span class='ocrx_word' id='word_1_113' title='bbox 776 2007 816 2078; x_wconf 86' lang='lat' dir='ltr'>G.</span> <span class='ocrx_word' id='word_1_114' title='bbox 846 2005 992 2095; x_wconf 77' lang='lat' dir='ltr'>3,44,t:</span> <span class='ocrx_word' id='word_1_115' title='bbox 1017 2031 1123 2096; x_wconf 76' lang='lat' dir='ltr'>neque</span> <span class='ocrx_word' id='word_1_116' title='bbox 1154 2012 1366 2080; x_wconf 74' lang='lat' dir='ltr'>monitiones</span> <span class='ocrx_word' id='word_1_117' title='bbox 1416 2039 1422 2050; x_wconf 90' lang='lat'><strong>·</strong></span> 
     </span>
     <span class='ocr_line' id='line_1_16' title="bbox 176 2121 1365 2212; baseline 0.005 -24"><span class='ocrx_word' id='word_1_118' title='bbox 176 2122 335 2192; x_wconf 68' lang='lat' dir='ltr'>tuearis</span> <span class='ocrx_word' id='word_1_119' title='bbox 352 2124 527 2208; x_wconf 71' lang='lat' dir='ltr'>prodidere</span> <span class='ocrx_word' id='word_1_120' title='bbox 537 2121 682 2210; x_wconf 81' lang='lat' dir='ltr'>poteret,</span> <span class='ocrx_word' id='word_1_121' title='bbox 702 2124 774 2192; x_wconf 81' lang='lat' dir='ltr'>nisi</span> <span class='ocrx_word' id='word_1_122' title='bbox 786 2121 910 2210; x_wconf 78' lang='lat' dir='ltr'>praetio</span> <span class='ocrx_word' id='word_1_123' title='bbox 925 2127 1093 2192; x_wconf 70' lang='lat' dir='ltr'>ararim</span> <span class='ocrx_word' id='word_1_124' title='bbox 1105 2123 1199 2192; x_wconf 80' lang='grc'><strong>441441</strong></span> <span class='ocrx_word' id='word_1_125' title='bbox 1217 2127 1253 2194; x_wconf 88' lang='grc'>41</span> <span class='ocrx_word' id='word_1_126' title='bbox 1272 2144 1365 2212; x_wconf 89' lang='lat' dir='ltr'>quae</span> 
     </span>
     <span class='ocr_line' id='line_1_17' title="bbox 182 2220 991 2327; baseline 0 -23"><span class='ocrx_word' id='word_1_127' title='bbox 182 2239 226 2305; x_wconf 88' lang='lat' dir='ltr'>ad</span> <span class='ocrx_word' id='word_1_128' title='bbox 253 2255 336 2306; x_wconf 86' lang='lat' dir='ltr'>eum</span> <span class='ocrx_word' id='word_1_129' title='bbox 364 2237 482 2308; x_wconf 85' lang='lat' dir='ltr'>iocum</span> <span class='ocrx_word' id='word_1_130' title='bbox 508 2239 733 2308; x_wconf 85' lang='lat' dir='ltr'>adnotarunt</span> <span class='ocrx_word' id='word_1_131' title='bbox 759 2220 991 2327; x_wconf 69' lang='lat' dir='ltr'>interpretes.</span> 
     </span>
    </p>

    <p class='ocr_par' dir='ltr' id='par_1_5' title="bbox 182 2350 1365 2686">
     <span class='ocr_line' id='line_1_18' title="bbox 280 2350 1363 2443; baseline 0.002 -23"><span class='ocrx_word' id='word_1_132' title='bbox 280 2350 317 2443; x_wconf 63' lang='grc' dir='ltr'>ἒξ</span> <span class='ocrx_word' id='word_1_133' title='bbox 343 2351 391 2420; x_wconf 87' lang='grc'>49</span> <span class='ocrx_word' id='word_1_134' title='bbox 413 2359 451 2421; x_wconf 84' lang='grc'>41</span> <span class='ocrx_word' id='word_1_135' title='bbox 475 2351 523 2420; x_wconf 83' lang='lat'>50</span> <span class='ocrx_word' id='word_1_136' title='bbox 543 2370 635 2441; x_wconf 86' lang='lat' dir='ltr'>quae</span> <span class='ocrx_word' id='word_1_137' title='bbox 659 2353 897 2422; x_wconf 86' lang='lat' dir='ltr'>continentur</span> <span class='ocrx_word' id='word_1_138' title='bbox 916 2350 1068 2420; x_wconf 84' lang='grc'><strong>441464</strong></span> <span class='ocrx_word' id='word_1_139' title='bbox 1088 2355 1363 2442; x_wconf 85' lang='lat' dir='ltr'>transponenda</span> 
     </span>
     <span class='ocr_line' id='line_1_19' title="bbox 182 2468 1365 2560; baseline 0.003 -25"><span class='ocrx_word' id='word_1_140' title='bbox 182 2468 368 2537; x_wconf 86' lang='lat' dir='ltr'>videntur.</span> <span class='ocrx_word' id='word_1_141' title='bbox 397 2469 465 2538; x_wconf 87' lang='lat' dir='ltr'>Hic</span> <span class='ocrx_word' id='word_1_142' title='bbox 500 2469 598 2538; x_wconf 86' lang='lat' dir='ltr'>enim</span> <span class='ocrx_word' id='word_1_143' title='bbox 626 2470 893 2538; x_wconf 85' lang='lat' dir='ltr'>sententiarum</span> <span class='ocrx_word' id='word_1_144' title='bbox 921 2487 1054 2538; x_wconf 84' lang='lat' dir='ltr'>nexum</span> <span class='ocrx_word' id='word_1_145' title='bbox 1088 2471 1365 2560; x_wconf 74' lang='lat' dir='ltr'>interrumpent</span> 
     </span>
     <span class='ocr_line' id='line_1_20' title="bbox 182 2579 1364 2686; baseline 0.003 -36"><span class='ocrx_word' id='word_1_146' title='bbox 182 2585 364 2672; x_wconf 84' lang='lat' dir='ltr'>totiusque</span> <span class='ocrx_word' id='word_1_147' title='bbox 395 2585 653 2686; x_wconf 83' lang='lat' dir='ltr'>disputationis</span> <span class='ocrx_word' id='word_1_148' title='bbox 679 2586 844 2656; x_wconf 87' lang='lat' dir='ltr'>ordinem</span> <span class='ocrx_word' id='word_1_149' title='bbox 876 2579 1040 2670; x_wconf 87' lang='lat' dir='ltr'>turbant,</span> <span class='ocrx_word' id='word_1_150' title='bbox 1067 2586 1171 2655; x_wconf 89' lang='lat' dir='ltr'>cuius</span> <span class='ocrx_word' id='word_1_151' title='bbox 1197 2587 1257 2655; x_wconf 90' lang='lat' dir='ltr'>hic</span> <span class='ocrx_word' id='word_1_152' title='bbox 1279 2585 1364 2656; x_wconf 86' lang='lat' dir='ltr'>finis</span> 
     </span>
    </p>
   </div>
   <div class='ocr_carea' id='block_1_4' title="bbox 183 2701 1493 2790">
    <p class='ocr_par' dir='ltr' id='par_1_6' title="bbox 183 2701 1493 2790">
     <span class='ocr_line' id='line_1_21' title="bbox 183 2701 1493 2790; baseline 0.002 -22"><span class='ocrx_word' id='word_1_153' title='bbox 183 2707 237 2768; x_wconf 88' lang='lat' dir='ltr'>est</span> <span class='ocrx_word' id='word_1_154' title='bbox 264 2706 305 2768; x_wconf 87' lang='lat' dir='ltr'>ut</span> <span class='ocrx_word' id='word_1_155' title='bbox 326 2701 597 2770; x_wconf 81' lang='lat' dir='ltr'>demonstretur</span> <span class='ocrx_word' id='word_1_156' title='bbox 618 2701 756 2770; x_wconf 87' lang='lat' dir='ltr'>oratori</span> <span class='ocrx_word' id='word_1_157' title='bbox 780 2702 1024 2771; x_wconf 84' lang='lat' dir='ltr'>necessariam</span> <span class='ocrx_word' id='word_1_158' title='bbox 1046 2717 1126 2770; x_wconf 87' lang='lat' dir='ltr'>esse</span> <span class='ocrx_word' id='word_1_159' title='bbox 1144 2701 1365 2790; x_wconf 76' lang='lat' dir='ltr'>doctrinam,</span> <span class='ocrx_word' id='word_1_160' title='bbox 1488 2777 1493 2784; x_wconf 63' lang='grc'><strong>,</strong></span> 
     </span>
    </p>
   </div>
   <div class='ocr_carea' id='block_1_5' title="bbox 169 2811 1366 4063">
    <p class='ocr_par' dir='ltr' id='par_1_7' title="bbox 169 2811 1366 4063">
     <span class='ocr_line' id='line_1_22' title="bbox 182 2811 1364 2908; baseline 0.005 -26"><span class='ocrx_word' id='word_1_161' title='bbox 182 2817 355 2903; x_wconf 80' lang='lat' dir='ltr'>sineque</span> <span class='ocrx_word' id='word_1_162' title='bbox 380 2814 526 2884; x_wconf 82' lang='lat' dir='ltr'>dicendi</span> <span class='ocrx_word' id='word_1_163' title='bbox 553 2813 726 2884; x_wconf 83' lang='lat' dir='ltr'>virtutem</span> <span class='ocrx_word' id='word_1_164' title='bbox 753 2820 879 2882; x_wconf 79' lang='lat' dir='ltr'>estare</span> <span class='ocrx_word' id='word_1_165' title='bbox 905 2831 978 2882; x_wconf 89' lang='lat' dir='ltr'>non</span> <span class='ocrx_word' id='word_1_166' title='bbox 1006 2833 1111 2904; x_wconf 88' lang='lat' dir='ltr'>posse</span> <span class='ocrx_word' id='word_1_167' title='bbox 1133 2811 1225 2908; x_wconf 81' lang='lat'><strong>(48);</strong></span> <span class='ocrx_word' id='word_1_168' title='bbox 1252 2817 1364 2888; x_wconf 83' lang='lat' dir='ltr'>verbe</span> 
     </span>
     <span class='ocr_line' id='line_1_23' title="bbox 182 2927 1365 3022; baseline 0.004 -27"><span class='ocrx_word' id='word_1_169' title='bbox 182 2929 280 2998; x_wconf 89' lang='lat' dir='ltr'>enim</span> <span class='ocrx_word' id='word_1_170' title='bbox 307 2929 387 2998; x_wconf 88' lang='lat' dir='ltr'>sine</span> <span class='ocrx_word' id='word_1_171' title='bbox 417 2929 612 2998; x_wconf 85' lang='lat' dir='ltr'>sententiis</span> <span class='ocrx_word' id='word_1_172' title='bbox 638 2927 823 2996; x_wconf 77' lang='lat' dir='ltr'>effundere</span> <span class='ocrx_word' id='word_1_173' title='bbox 859 2928 988 2996; x_wconf 80' lang='lat' dir='ltr'>furiosi</span> <span class='ocrx_word' id='word_1_174' title='bbox 1014 2947 1093 2999; x_wconf 84' lang='lat' dir='ltr'>esse</span> <span class='ocrx_word' id='word_1_175' title='bbox 1128 2928 1228 3022; x_wconf 84' lang='lat'>(51).</span> <span class='ocrx_word' id='word_1_176' title='bbox 1264 2929 1365 3012; x_wconf 83' lang='lat' dir='ltr'>Quae</span> 
     </span>
     <span class='ocr_line' id='line_1_24' title="bbox 169 3039 1365 3138; baseline 0.007 -26"><span class='ocrx_word' id='word_1_177' title='bbox 169 3052 304 3114; x_wconf 82' lang='lat' dir='ltr'>-autem</span> <span class='ocrx_word' id='word_1_178' title='bbox 328 3045 615 3134; x_wconf 86' lang='lat' dir='ltr'>interponuntur</span> <span class='ocrx_word' id='word_1_179' title='bbox 637 3041 711 3133; x_wconf 79' lang='grc'><strong>(49.</strong></span> <span class='ocrx_word' id='word_1_180' title='bbox 735 3039 807 3134; x_wconf 80' lang='lat'>50),</span> <span class='ocrx_word' id='word_1_181' title='bbox 833 3045 871 3115; x_wconf 89' lang='lat' dir='ltr'>in</span> <span class='ocrx_word' id='word_1_182' title='bbox 896 3043 1047 3112; x_wconf 75' lang='lat' dir='ltr'>hisatio</span> <span class='ocrx_word' id='word_1_183' title='bbox 1068 3043 1116 3113; x_wconf 92' lang='lat' dir='ltr'>de</span> <span class='ocrx_word' id='word_1_184' title='bbox 1136 3065 1179 3113; x_wconf 86' lang='lat' dir='ltr'>re</span> <span class='ocrx_word' id='word_1_185' title='bbox 1204 3046 1365 3138; x_wconf 84' lang='lat' dir='ltr'>disputa-</span> 
     </span>
     <span class='ocr_line' id='line_1_25' title="bbox 183 3158 1364 3248; baseline 0.005 -20"><span class='ocrx_word' id='word_1_186' title='bbox 183 3168 266 3230; x_wconf 88' lang='lat' dir='ltr'>tur:</span> <span class='ocrx_word' id='word_1_187' title='bbox 291 3167 498 3230; x_wconf 87' lang='lat' dir='ltr'>oeterarum</span> <span class='ocrx_word' id='word_1_188' title='bbox 522 3161 662 3228; x_wconf 88' lang='lat' dir='ltr'>artium</span> <span class='ocrx_word' id='word_1_189' title='bbox 681 3158 870 3246; x_wconf 83' lang='lat' dir='ltr'>homines,</span> <span class='ocrx_word' id='word_1_190' title='bbox 900 3161 931 3230; x_wconf 90' lang='grc'>41</span> <span class='ocrx_word' id='word_1_191' title='bbox 961 3159 1106 3248; x_wconf 85' lang='lat' dir='ltr'>qnando</span> <span class='ocrx_word' id='word_1_192' title='bbox 1132 3161 1177 3230; x_wconf 89' lang='lat' dir='ltr'>de</span> <span class='ocrx_word' id='word_1_193' title='bbox 1208 3159 1364 3234; x_wconf 84' lang='lat' dir='ltr'>artificio</span> 
     </span>
     <span class='ocr_line' id='line_1_26' title="bbox 183 3273 1363 3360; baseline 0.005 -18"><span class='ocrx_word' id='word_1_194' title='bbox 183 3295 247 3344; x_wconf 88' lang='lat' dir='ltr'>sno</span> <span class='ocrx_word' id='word_1_195' title='bbox 272 3275 409 3344; x_wconf 80' lang='lat' dir='ltr'>diserte</span> <span class='ocrx_word' id='word_1_196' title='bbox 435 3274 548 3343; x_wconf 82' lang='lat' dir='ltr'>locuti</span> <span class='ocrx_word' id='word_1_197' title='bbox 572 3274 658 3360; x_wconf 90' lang='lat' dir='ltr'>sint,</span> <span class='ocrx_word' id='word_1_198' title='bbox 687 3291 766 3343; x_wconf 87' lang='lat' dir='ltr'>eam</span> <span class='ocrx_word' id='word_1_199' title='bbox 793 3273 1005 3343; x_wconf 79' lang='lat' dir='ltr'>iowlteter‘u</span> <span class='ocrx_word' id='word_1_200' title='bbox 1024 3291 1102 3344; x_wconf 84' lang='lat' dir='ltr'>non</span> <span class='ocrx_word' id='word_1_201' title='bbox 1127 3291 1171 3342; x_wconf 82' lang='lat' dir='ltr'>ex</span> <span class='ocrx_word' id='word_1_202' title='bbox 1190 3293 1254 3344; x_wconf 84' lang='lat' dir='ltr'>soa</span> <span class='ocrx_word' id='word_1_203' title='bbox 1282 3285 1363 3348; x_wconf 86' lang='lat' dir='ltr'>arte</span> 
     </span>
     <span class='ocr_line' id='line_1_27' title="bbox 183 3389 1364 3480; baseline 0.003 -21"><span class='ocrx_word' id='word_1_204' title='bbox 183 3390 357 3476; x_wconf 84' lang='lat' dir='ltr'>hausisse,</span> <span class='ocrx_word' id='word_1_205' title='bbox 379 3390 440 3458; x_wconf 88' lang='lat' dir='ltr'>sed</span> <span class='ocrx_word' id='word_1_206' title='bbox 460 3409 503 3458; x_wconf 85' lang='lat' dir='ltr'>ex</span> <span class='ocrx_word' id='word_1_207' title='bbox 522 3389 644 3458; x_wconf 89' lang='grc'><strong>411444</strong></span> <span class='ocrx_word' id='word_1_208' title='bbox 663 3390 689 3458; x_wconf 88' lang='grc'>1.</span> <span class='ocrx_word' id='word_1_209' title='bbox 711 3408 743 3458; x_wconf 89' lang='grc'>4.</span> <span class='ocrx_word' id='word_1_210' title='bbox 766 3407 810 3458; x_wconf 84' lang='lat' dir='ltr'>ex</span> <span class='ocrx_word' id='word_1_211' title='bbox 826 3389 976 3458; x_wconf 90' lang='lat' dir='ltr'>dioendi</span> <span class='ocrx_word' id='word_1_212' title='bbox 997 3395 1080 3458; x_wconf 86' lang='lat' dir='ltr'>arte</span> <span class='ocrx_word' id='word_1_213' title='bbox 1098 3389 1364 3480; x_wconf 78' lang='lat' dir='ltr'>adsumpsisse3</span> 
     </span>
     <span class='ocr_line' id='line_1_28' title="bbox 182 3502 1358 3595; baseline 0.002 -23"><span class='ocrx_word' id='word_1_214' title='bbox 182 3511 253 3592; x_wconf 79' lang='lat' dir='ltr'>que</span> <span class='ocrx_word' id='word_1_215' title='bbox 279 3505 324 3573; x_wconf 85' lang='lat' dir='ltr'>de</span> <span class='ocrx_word' id='word_1_216' title='bbox 350 3525 390 3573; x_wconf 92' lang='lat' dir='ltr'>re</span> <span class='ocrx_word' id='word_1_217' title='bbox 409 3505 495 3574; x_wconf 87' lang='lat' dir='ltr'>inde</span> <span class='ocrx_word' id='word_1_218' title='bbox 514 3525 535 3574; x_wconf 88' lang='lat' dir='ltr'>a</span> <span class='ocrx_word' id='word_1_219' title='bbox 558 3507 573 3595; x_wconf 70' lang='lat'>5</span> <span class='ocrx_word' id='word_1_220' title='bbox 595 3503 644 3572; x_wconf 89' lang='lat'>53</span> <span class='ocrx_word' id='word_1_221' title='bbox 663 3505 808 3574; x_wconf 77' lang='lat' dir='ltr'>dimum</span> <span class='ocrx_word' id='word_1_222' title='bbox 827 3504 1015 3594; x_wconf 78' lang='lat' dir='ltr'>disputare</span> <span class='ocrx_word' id='word_1_223' title='bbox 1034 3502 1188 3574; x_wconf 80' lang='lat' dir='ltr'>Crassus</span> <span class='ocrx_word' id='word_1_224' title='bbox 1204 3506 1358 3579; x_wconf 80' lang='lat' dir='ltr'>orditur.</span> 
     </span>
     <span class='ocr_line' id='line_1_29' title="bbox 181 3619 1363 3714; baseline 0.007 -25"><span class='ocrx_word' id='word_1_225' title='bbox 181 3619 284 3701; x_wconf 84' lang='lat' dir='ltr'>Quod</span> <span class='ocrx_word' id='word_1_226' title='bbox 308 3623 340 3688; x_wconf 92' lang='lat' dir='ltr'>si</span> <span class='ocrx_word' id='word_1_227' title='bbox 362 3621 482 3712; x_wconf 62' lang='grc'><strong>5549.</strong></span> <span class='ocrx_word' id='word_1_228' title='bbox 504 3621 553 3691; x_wconf 90' lang='lat'>50</span> <span class='ocrx_word' id='word_1_229' title='bbox 579 3629 661 3712; x_wconf 89' lang='lat' dir='ltr'>post</span> <span class='ocrx_word' id='word_1_230' title='bbox 683 3621 730 3692; x_wconf 87' lang='grc'>63</span> <span class='ocrx_word' id='word_1_231' title='bbox 753 3623 1034 3712; x_wconf 73' lang='lat' dir='ltr'>transposueris,</span> <span class='ocrx_word' id='word_1_232' title='bbox 1057 3623 1248 3714; x_wconf 81' lang='lat' dir='ltr'>praeciere</span> <span class='ocrx_word' id='word_1_233' title='bbox 1263 3627 1363 3697; x_wconf 85' lang='lat' dir='ltr'>iuter</span> 
     </span>
     <span class='ocr_line' id='line_1_30' title="bbox 184 3737 1363 3832; baseline 0.008 -27"><span class='ocrx_word' id='word_1_234' title='bbox 184 3757 221 3805; x_wconf 85' lang='lat' dir='ltr'>se</span> <span class='ocrx_word' id='word_1_235' title='bbox 249 3737 498 3808; x_wconf 85' lang='lat' dir='ltr'>cohaerebunt</span> <span class='ocrx_word' id='word_1_236' title='bbox 525 3739 745 3810; x_wconf 82' lang='grc'><strong>4441441144.</strong></span> <span class='ocrx_word' id='word_1_237' title='bbox 774 3738 932 3832; x_wconf 55' lang='lat' dir='ltr'>Nemi&amp;</span> <span class='ocrx_word' id='word_1_238' title='bbox 956 3738 1015 3826; x_wconf 85' lang='grc'>49,</span> <span class='ocrx_word' id='word_1_239' title='bbox 1034 3738 1084 3808; x_wconf 87' lang='grc'>50</span> <span class='ocrx_word' id='word_1_240' title='bbox 1104 3742 1288 3830; x_wconf 85' lang='lat' dir='ltr'>copiosius</span> <span class='ocrx_word' id='word_1_241' title='bbox 1304 3761 1363 3814; x_wconf 86' lang='lat' dir='ltr'>ex-</span> 
     </span>
     <span class='ocr_line' id='line_1_31' title="bbox 185 3856 1366 3950; baseline 0.005 -26"><span class='ocrx_word' id='word_1_242' title='bbox 185 3857 342 3946; x_wconf 90' lang='lat' dir='ltr'>plicatur</span> <span class='ocrx_word' id='word_1_243' title='bbox 362 3863 471 3946; x_wconf 86' lang='lat' dir='ltr'>atque</span> <span class='ocrx_word' id='word_1_244' title='bbox 488 3857 663 3947; x_wconf 83' lang='lat' dir='ltr'>exemplis</span> <span class='ocrx_word' id='word_1_245' title='bbox 684 3857 922 3928; x_wconf 86' lang='lat' dir='ltr'>confirmatur</span> <span class='ocrx_word' id='word_1_246' title='bbox 937 3860 1033 3948; x_wconf 89' lang='lat' dir='ltr'>quod</span> <span class='ocrx_word' id='word_1_247' title='bbox 1051 3857 1070 3950; x_wconf 65' lang='grc' dir='ltr'><strong>ἓ</strong></span> <span class='ocrx_word' id='word_1_248' title='bbox 1089 3856 1137 3926; x_wconf 88' lang='grc'>63</span> <span class='ocrx_word' id='word_1_249' title='bbox 1156 3865 1251 3928; x_wconf 83' lang='lat' dir='ltr'>extr.</span> <span class='ocrx_word' id='word_1_250' title='bbox 1270 3862 1366 3950; x_wconf 89' lang='lat' dir='ltr'>pesi-</span> 
     </span>
     <span class='ocr_line' id='line_1_32' title="bbox 185 3971 1365 4063; baseline 0.004 -21"><span class='ocrx_word' id='word_1_251' title='bbox 185 3977 263 4042; x_wconf 88' lang='lat' dir='ltr'>tum</span> <span class='ocrx_word' id='word_1_252' title='bbox 300 3979 371 4042; x_wconf 86' lang='lat' dir='ltr'>est:</span> <span class='ocrx_word' id='word_1_253' title='bbox 407 3975 603 4046; x_wconf 86' lang='lat' dir='ltr'>neminem.</span> <span class='ocrx_word' id='word_1_254' title='bbox 642 3971 835 4053; x_wconf 78' lang='lat' dir='ltr'>facitmdae</span> <span class='ocrx_word' id='word_1_255' title='bbox 876 3992 921 4044; x_wconf 89' lang='grc'>44</span> <span class='ocrx_word' id='word_1_256' title='bbox 956 3971 1157 4063; x_wconf 85' lang='lat' dir='ltr'>poliendae</span> <span class='ocrx_word' id='word_1_257' title='bbox 1184 3975 1365 4048; x_wconf 87' lang='lat' dir='ltr'>orationis</span> 
     </span>
    </p>
   </div>
   <div class='ocr_carea' id='block_1_6' title="bbox 185 4085 1338 4262">
    <p class='ocr_par' dir='ltr' id='par_1_8' title="bbox 185 4085 1338 4262">
     <span class='ocr_line' id='line_1_33' title="bbox 185 4085 1338 4177; baseline 0.003 -23"><span class='ocrx_word' id='word_1_258' title='bbox 185 4086 353 4176; x_wconf 83' lang='lat' dir='ltr'>ignarum</span> <span class='ocrx_word' id='word_1_259' title='bbox 382 4087 518 4157; x_wconf 90' lang='lat' dir='ltr'>diserte</span> <span class='ocrx_word' id='word_1_260' title='bbox 537 4088 574 4157; x_wconf 92' lang='lat' dir='ltr'>id</span> <span class='ocrx_word' id='word_1_261' title='bbox 600 4087 731 4176; x_wconf 89' lang='lat' dir='ltr'>ipsum,</span> <span class='ocrx_word' id='word_1_262' title='bbox 750 4085 882 4177; x_wconf 87' lang='lat' dir='ltr'>dequo</span> <span class='ocrx_word' id='word_1_263' title='bbox 905 4087 1008 4173; x_wconf 88' lang='lat' dir='ltr'>sciat,</span> <span class='ocrx_word' id='word_1_264' title='bbox 1027 4105 1132 4176; x_wconf 84' lang='lat' dir='ltr'>posse</span> <span class='ocrx_word' id='word_1_265' title='bbox 1151 4089 1288 4160; x_wconf 81' lang='lat' dir='ltr'>dicere.</span> <span class='ocrx_word' id='word_1_266' title='bbox 1333 4110 1338 4122; x_wconf 92' lang='lat'>·</span> 
     </span>
     <span class='ocr_line' id='line_1_34' title="bbox 1244 4197 1261 4262; baseline 0 0"><span class='ocrx_word' id='word_1_267' title='bbox 1244 4197 1261 4262; x_wconf 86' lang='grc'>3</span> 
     </span>
    </p>
   </div>
   <div class='ocr_carea' id='block_1_7' title="bbox 0 0 1696 5110">
    <p class='ocr_par' dir='ltr' id='par_1_9' title="bbox 0 0 1696 5110">
     <span class='ocr_line' id='line_1_35' title="bbox 0 0 1696 5110; baseline 0 0"><span class='ocrx_word' id='word_1_268' title='bbox 0 0 1696 5110; x_wconf 95' lang='lat' dir='ltr'> </span> 
     </span>
    </p>
   </div>
  </div>
 </body>
</html>
