3382 5110
296 1907 346 1974 De
365 1905 552 1974 Ciceronis
575 1903 750 1972 librorum
773 1905 816 1974 de
834 1904 988 1975 Oratore
1014 1904 1197 1974 codicibus
1216 1903 1279 1990 eis,
1299 1903 1372 1991 qui,
1437 1893 1440 1900 ’

199 2041 281 2090 cum
303 2027 389 2089 ante
414 2019 639 2089 Laudensem
662 2021 852 2088 inventum
874 2022 1015 2089 exarati
1038 2021 1121 2106 sint,
1147 2025 1270 2108 partes
1290 2023 1374 2086 tan-

198 2143 277 2205 tum
298 2137 405 2204 huius
432 2135 651 2224 scriptionis
678 2155 770 2222 quae
796 2134 859 2203 illo
886 2142 1051 2223 tempore
1077 2134 1261 2216 extabant,
1287 2153 1375 2202 con·

199 2251 332 2336 tinent,
361 2257 438 2319 tum
472 2251 616 2331 demum
646 2256 747 2316 recte
774 2249 937 2318 iudicare
970 2248 1105 2334 licebit,
1136 2269 1217 2316 cum
1251 2269 1377 2316 corum

201 2366 363 2435 omnium
384 2369 580 2453 perpetuae
605 2362 871 2452 diligenterque
893 2365 1082 2432 confectae
1103 2362 1314 2442 collationes
1337 2362 1377 2430 in

200 2481 320 2550 lucem
335 2479 499 2569 prolatae
511 2484 632 2546 erunt.
647 2477 748 2558 Quod
764 2484 961 2566 antequam
973 2478 1012 2546 fit
1029 2479 1091 2566 qui
1110 2477 1154 2544 de
1168 2478 1236 2544 hac
1252 2495 1292 2543 re
1308 2475 1378 2544 dis·

200 2600 330 2685 putare
349 2592 594 2682 aggredietur,
617 2590 841 2679 periculosae
862 2591 1008 2680 plenum
1029 2590 1130 2659 aleae
1156 2610 1245 2679 opus
1267 2589 1379 2657 susci·

200 2710 276 2800 piet
295 2729 364 2777 nec
379 2707 466 2775 satis
483 2713 611 2775 cautus
627 2726 703 2774 esse
722 2709 856 2794 poterit
876 2709 965 2798 quin
982 2715 1044 2776 aut
1060 2704 1169 2774 dubia
1184 2713 1247 2774 aut
1267 2705 1378 2773 etiam

201 2845 351 2914 prorsus
388 2822 478 2890 falsa
519 2843 584 2910 pro
621 2823 731 2889 certis
768 2841 811 2890 ac
850 2825 945 2892 veris
982 2822 1237 2911 amplectatur.
1277 2819 1379 2901 Quod

202 2959 320 3028 nuper
347 2937 514 3006 Eduardo
550 2935 716 3005 Stroebel
743 2939 886 3023 accidit,
911 2941 973 3028 qui
999 2939 1181 3027 Erlangae
1215 2935 1379 3005 libellum

205 3055 275 3122 ode
301 3052 488 3122 Ciceronis
527 3051 570 3120 de
603 3051 757 3120 Oratore
799 3052 977 3124 librorum
1016 3053 1202 3123 codicibus
1240 3051 1381 3120 mutilis

202 3169 498 3258 antiquioribus»
530 3169 745 3258 inscriptum
780 3169 904 3238 edidit.
931 3169 999 3251 Qui
1027 3191 1107 3238 cum
1133 3170 1176 3238 de
1196 3168 1382 3237 codicibus

202 3307 223 3354 a
250 3284 524 3375 Lagomarsinio
549 3282 690 3351 collatis
710 3283 943 3354 Ellendtiano
970 3285 1154 3354 variarum
1184 3283 1381 3352 lectionum

201 3400 321 3468 indice
348 3403 455 3467 utens
472 3397 677 3466 dissereret
705 3416 783 3487 (pp.
813 3399 1003 3494 39-54),
1037 3419 1098 3468 eos
1124 3400 1266 3467 codices
1293 3415 1381 3486 prae

202 3511 433 3598 Abrincensi‚
460 3513 678 3602 Erlangensi
705 3517 836 3603 priore,
873 3515 1070 3584 Harleiano
1097 3513 1382 3583 contemnendos

201 3647 280 3708 esse
306 3628 568 3715 pronuntiavit,
593 3630 725 3718 quippe
752 3631 814 3718 qui
842 3623 1089 3720 compluribus
1110 3628 1210 3716 locis,
1236 3628 1299 3696 ubi
1324 3629 1381 3696 vel

202 3763 329 3813 omnes
350 3742 416 3828 illi,
435 3744 492 3823 vel
515 3761 609 3812 unus
636 3745 763 3815 saltem
785 3767 828 3816 ex
853 3749 905 3815 eis
931 3767 1016 3814 vera
1038 3745 1223 3835 praebeat,
1250 3747 1288 3813 in
1309 3745 1398 3814 alia,

202 3861 326 3930 omnia
353 3857 538 3927 aberrent·
565 3858 665 3938 Quod
689 3862 819 3930 falsum
848 3883 925 3930 esse
952 3869 987 3930 et
1015 3862 1181 3930 omnibus
1208 3861 1265 3929 his
1293 3861 1382 3930 locis

204 3974 366 4043 codicem
385 3981 485 4041 certe
512 3971 588 4042 Lae
616 3993 698 4044 cum
720 3997 762 4045 co
784 3977 840 4045 vel
865 3978 927 4063 eis,
957 3978 1018 4065 qui
1044 3992 1167 4044 veram
1189 3977 1381 4045 lectionem

203 4091 409 4171 servarunt,
436 4089 645 4158 consentire
670 4111 712 4158 ex
738 4111 817 4160 mea
844 4091 1039 4160 collatione
1065 4090 1265 4181 apparebit.
1285 4089 1381 4172 Quin

1267 4223 1278 4263 1
