3382 5110
853 407 897 478 52

771 505 985 525 ΜΛΛΜΜΛΛΛΙ

288 643 374 692 num
397 629 529 690 ratione
549 623 665 691 virtus
685 624 781 692 tradi
804 626 917 712 possit
936 623 1077 693 dubitet
1093 625 1141 717 (si
1165 626 1288 719 modo),
1306 625 1460 694 eundern

287 745 419 807 rosione
435 757 515 806 earn
532 739 781 827 tradipritare.
795 739 908 808 Immo
922 742 1074 810 Antonii
1091 742 1273 809 sententia
1289 742 1377 809 haec
1390 750 1461 810 est:

287 875 365 924 esse
385 857 533 926 omnino
558 856 706 924 dubium
734 878 821 926 num
845 859 963 927 virtus
989 861 1084 928 tradi
1110 860 1222 948 possit
1241 880 1285 927 ac
1305 881 1377 929 non
1401 882 1463 949 po-

287 973 360 1041 tius
383 979 538 1040 naturae
556 973 603 1038 sit
622 973 774 1058 donnm;
793 975 919 1062 quodsi
942 974 1031 1043 illud
1052 976 1171 1043 verius
1191 975 1249 1061 sit,
1264 995 1344 1043 earn
1360 977 1461 1045 nnilo

164 1097 169 1106 '
287 1088 358 1159 alio
392 1090 497 1160 modo
524 1090 595 1158 nisi
622 1090 847 1160 instituendo
872 1097 908 1159 et
935 1091 1185 1180 persuadendo
1219 1093 1314 1161 tradi
1348 1113 1462 1182 posse,

288 1225 361 1272 non
393 1204 504 1273 minis
538 1209 718 1290 nemeto,
755 1211 795 1272 ut
828 1203 980 1274 Crassus
1012 1223 1163 1274 censere
1199 1207 1374 1292 videatur,
1402 1210 1464 1297 qui

286 1327 436 1405 domnis,
465 1326 669 1405 ignominie,
697 1332 814 1404 noerio,
845 1320 975 1407 quibus
1002 1321 1189 1389 hominum
1209 1322 1297 1390 vitia
1324 1323 1465 1412 legibus

288 1434 502 1519 multentur,
525 1432 621 1502 viros
646 1433 760 1503 bonos
786 1433 864 1502 fieri
885 1435 991 1502 dicat.

387 1548 512 1642 3248.
536 1573 621 1635 pnes
655 1556 695 1616 in
727 1555 801 1618 inre
834 1555 966 1636 passer
991 1557 1159 1636 defendere
1193 1551 1286 1642 Lag
1319 1553 1376 1639 81,
1404 1555 1465 1641 qui

291 1665 519 1753 integrorum
540 1663 716 1748 codicum,
736 1661 867 1750 quibus
886 1664 953 1732 hoc
973 1664 1052 1733 loco
1071 1664 1156 1733 solis
1178 1653 1232 1734 nii
1259 1667 1355 1745 licet,
1376 1669 1468 1756 opti-

294 1798 375 1847 mus
401 1784 466 1847 est.
490 1776 591 1859 Quae
619 1779 800 1868 scriptura
827 1780 1086 1867 coniecturam,
1112 1801 1221 1870 quarn
1245 1781 1276 1847 ἐν
1301 1789 1348 1868 τῷ
1370 1782 1469 1860 Ἀθη-

294 1897 372 1978 ναίῳ
399 1892 472 1986 (lx,
504 1914 538 1982 p.
563 1891 653 1984 305)
684 1892 769 1961 olim
811 1895 981 1983 proposui
1012 1895 1115 1988 (qnos
1152 1905 1192 1966 in
1226 1907 1300 1968 ime
1320 1903 1474 1987 posITAS

295 2006 523 2098 desenderEM)
545 2007 690 2096 egregie
711 2008 871 2076 adiuvat·
895 2012 1019 2077 Comae
1046 2016 1086 2077 in
1105 2017 1179 2080 inre
1198 2019 1324 2098 porisne
1351 2013 1474 2101 appel-

295 2125 420 2193 lantur
446 2122 464 2215 ἓ
489 2121 562 2191 238
589 2122 713 2191 civiles
740 2124 1020 2204 controversiae.

393 2237 412 2331 ξ
437 2244 518 2306 251.
543 2252 623 2306 onie
647 2245 913 2308 condensantur
939 2245 977 2325 it,
1003 2263 1151 2325 qnorum
1175 2263 1295 2310 censos
1319 2249 1474 2330 receperi-

296 2379 385 2442 mns,
414 2379 521 2442 qnam
547 2361 666 2423 coriam
693 2361 847 2440 quotiens
872 2361 1117 2445 praesenciam
1139 2362 1304 2426 Paeanem
1329 2370 1392 2425 ont
1413 2365 1475 2428 No-

296 2482 444 2544 mionem
468 2479 658 2542 citorimns.
1106 2459 1110 2466 ⁴
1292 2452 1298 2456 ¹

395 2589 455 2659 Sic
486 2587 583 2670 libri,
609 2589 682 2656 nisi
719 2589 813 2677 quod
850 2607 916 2677 pro
941 2607 983 2656 eo
1010 2608 1043 2676 q.
1078 2609 1107 2656 e.
1135 2593 1339 2674 Nomionem,
1381 2610 1475 2678 quae

297 2705 419 2777 Talaei
455 2711 511 2772 est
550 2704 754 2773 certissima
792 2703 1009 2790 emendatio,
1040 2710 1244 2774 mnniomm·
1278 2705 1470 2794 praebent.

298 2822 384 2890 Loci
419 2827 542 2889 autem
583 2821 778 2907 sententia,
806 2840 915 2907 quam
943 2839 1059 2899 nemo,
1088 2819 1333 2908 quodecim,
1360 2823 1475 2890 inter-

299 2942 444 3028 pretum
468 2935 557 3004 satis
576 2938 802 3023 perspexisse
820 2935 996 3022 videtur*,
1011 2935 1158 3024 egregie
1178 2933 1384 3006 illustratur
1405 2939 1479 3007 Ho-

298 3051 454 3124 ratianis
481 3048 555 3118 illis
576 3048 664 3140 (Sat.
690 3051 733 3137 11,
757 3050 790 3137 3,
816 3049 849 3120 6.
871 3050 918 3142 7.)

400 3213 615 3232 ......
647 3166 677 3232 si
705 3165 938 3251 collibuisset,
964 3164 1010 3234 ah
1037 3183 1102 3233 ovo

397 3299 510 3370 usque
530 3283 576 3352 ad
596 3279 691 3350 mala
717 3288 835 3350 citarat
861 3284 902 3348 'io
925 3281 1182 3360 [incolmmodo
1202 3299 1341 3348 summa

396 3416 494 3484 voce,
518 3397 622 3466 modo
644 3396 723 3483 hec,
747 3401 896 3464 resonat
915 3415 1007 3484 quae
1029 3395 1173 3462 chordis
1193 3401 1371 3482 ¹quattuor
1390 3395 1477 3463 ima.

396 3510 557 3593 Quorum
592 3517 775 3600 postrema
805 3515 919 3601 (modo
944 3531 1081 3578 sommo
1106 3507 1197 3603 eqs.)
1230 3509 1477 3579 ciceronianis

299 3625 372 3696 illis
391 3627 632 3716 respondent:
650 3633 767 3698 colmie
778 3679 786 3696 .
799 3679 807 3696 .
820 3678 849 3696 ..
868 3647 976 3695 vocem
994 3629 1152 3692 conantes
1170 3632 1295 3694 sensim
1310 3632 1472 3713 cecinam,

299 3749 583 3829 concinnem...
605 3749 748 3812 sedentes
770 3747 813 3810 ab
834 3746 1031 3810 contesimo
1048 3759 1128 3808 sono
1152 3763 1257 3826 nsque
1281 3747 1326 3809 nd
1346 3748 1479 3827 previs-

299 3864 428 3927 simnm
446 3881 570 3926 sonem
591 3863 781 3947 recipinnm
806 3857 929 3945 priora
951 3860 1072 3924 autem
1093 3855 1179 3943 quid
1199 3855 1246 3924 sit
1264 3855 1355 3924 illud
1374 3862 1479 3926 Poen-

382 4106 394 4131 *
415 4105 511 4164 Sensit
531 4111 629 4163 tamen
656 4121 756 4163 rerum
777 4106 914 4162 Klotzius.
936 4104 968 4160 V.
992 4106 1054 4162 eius
1075 4099 1198 4162 Lexicon
1218 4106 1264 4162 ad.
1288 4124 1314 4164 v.
1336 4107 1476 4164 citare.
