3382 5110
790 445 825 491 ΙΙ

700 517 915 534 mmm!

319 639 337 728 ζ
358 642 412 704 43.
436 645 449 704 ‚⁹
481 641 675 721 quiequid?
694 635 831 728 [E].—
849 647 990 703 neeerei.
1018 635 1058 702 Ι]
1076 643 1160 704 scire
1192 648 1337 720 neperei.
1358 635 1397 702 Ι]

220 777 341 841 nepeie
359 765 489 838 cuperet.
505 791 555 830 e-
572 759 878 839 inierropniionnm
905 774 1061 820 sensnm.
1072 789 1123 804 -·
1137 757 1331 820 inretitum.
1349 790 1399 804 -

223 884 368 942 tenerent
386 890 429 938 ex
447 883 618 938 cernerent
636 870 784 939 factum.
798 875 964 936 -etiem
984 868 1025 934 Ι]
1045 869 1231 956 expunxit,
1250 867 1290 934 Ι]
1307 890 1399 958 pun·

221 993 280 1058 eta
307 983 449 1055 delevit.
466 1025 516 1039 -
531 997 682 1072 pniesses
706 991 915 1053 adiumenta.
932 1022 982 1037 -
997 979 1178 1052 vincerent.
1206 985 1246 1052 Ι]
1279 991 1325 1055 ai.
1345 993 1396 1055 di-

220 1118 339 1175 eereni.
358 1143 408 1157 -
425 1107 643 1172 Aristotelem.
661 1102 730 1171 Sed
748 1102 849 1190 prius
871 1124 886 1168 e
911 1119 952 1168 ex
978 1107 990 1168 i
1010 1100 1159 1169 factum.
1177 1140 1227 1155 -
1245 1109 1319 1171 inis
1345 1103 1396 1174 L².

221 1226 282 1289 iis.
300 1257 350 1272 -
367 1225 488 1285 omnis.
508 1216 578 1284 Sed
599 1223 611 1284 i
629 1235 784 1284 erasum.
846 1229 850 1238 ’

319 1332 336 1425 ξ
359 1338 413 1402 44.
432 1339 578 1418 quidem.
593 1332 674 1400 add.
697 1332 738 1398 Ι]
758 1331 796 1398 in
812 1329 1273 1418 margine—continenter.
1291 1331 1394 1401 Corr.

221 1451 403 1534 L²·-qnii
423 1455 497 1516 isin.
518 1448 558 1516 Ι]
576 1448 663 1516 fecit
681 1471 751 1533 qne
768 1470 812 1516 ne.
831 1447 871 1514 Ι]
890 1445 958 1513 hoc
973 1445 1164 1514 inductos.
1184 1467 1210 1514 s.
1226 1454 1271 1518 ai.
1289 1473 1391 1535 qnam

221 1570 260 1634 ob
278 1568 529 1634 nem-Crasse
551 1565 664 1632 abest.
684 1563 767 1654 (Pro
790 1583 832 1630 00
850 1562 1003 1652 rasura).
1021 1561 1169 1630 Addidit
1185 1563 1226 1632 Ι]
1245 1563 1283 1632 in
1302 1583 1399 1632 mar-

222 1681 317 1771 gine.
336 1718 385 1732 -
404 1683 493 1746 Idem
515 1702 694 1764 mepnnne.
713 1676 815 1746 Corn.
832 1678 1045 1763 L²;-peiesi
1066 1696 1147 1744 eum
1166 1675 1303 1748 scholio
1322 1703 1397 1747 ora·

224 1807 599 1880 ior.-qniienmqne.ie
614 1795 653 1892 iu
665 1813 793 1862 rasura
810 1792 856 1860 eb
875 1794 981 1862 L².-
993 1800 1215 1865 contionibus.
1230 1794 1395 1865 Alterum

220 1935 265 1981 en
287 1913 325 1980 in
346 1929 483 1978 rasura.
497 1950 547 1964 -
563 1917 603 1979 in
623 1917 807 1978 sententiis.
827 1913 870 1977 In
889 1915 1120 1999 expunctum.
1135 1950 1185 1964 -
1199 1918 1310 1980 sideni
1329 1920 1395 1981 edi-

220 2049 299 2098 cere.
318 2027 359 2093 L²
378 2031 544 2094 videntne·
562 2026 697 2092 Verum
721 2021 869 2116 (videare
889 2027 1010 2110 dicere)
1029 2027 1191 2094 restituit
1211 2027 1251 2094 Ι]
1271 2065 1321 2080 -
1334 2051 1397 2114 po-

223 2153 274 2214 iis.
300 2143 387 2212 Inde
412 2150 532 2228 poterii
550 2143 687 2210 factum
707 2163 788 2210 eum
809 2142 947 2210 scholio
965 2155 1087 2211 oraim.

315 2257 333 2349 ἓ
368 2262 422 2326 45.
449 2260 669 2326 ciereinde-s.
696 2256 736 2324 Ι]
771 2263 914 2324 -needen
944 2257 984 2324 Ι]
1016 2264 1161 2326 -mades
1178 2297 1228 2310 -
1246 2282 1329 2328 nne.
1355 2259 1395 2326 L²

221 2374 301 2444 add.
325 2380 446 2470 eiiam.
460 2377 691 2440 —Andierei
712 2371 752 2438 Ι]
773 2378 860 2440 -but
880 2372 1055 2440 Restituit
1075 2372 1129 2439 L³.
1152 2409 1202 2426 -··
1218 2379 1395 2458 ferebatur.

221 2494 262 2562 Ι]
280 2492 366 2560 fecit
388 2503 420 2559 a.
444 2489 632 2558 Lineolem
655 2490 798 2558 induxit
816 2561 819 2567 ⁵
834 2490 885 2556 Li.
899 2528 949 2542 -
963 2495 1176 2560 Mnesarchus
1193 2490 1395 2581 (Mneserens

220 2625 248 2675 s.
277 2627 304 2673 s.
332 2604 397 2695 L2).
432 2603 501 2672 Sed
522 2608 609 2672 Mnes
628 2605 666 2671 in
687 2621 888 2671 000010.-
903 2617 932 2672 ei
958 2609 1167 2691 Peripatetici
1204 2609 1395 2676 Crisieieidi

222 2727 391 2790 Diodorus.
411 2718 452 2787 Ι]
474 2723 688 2786 Csiiotens'ei
707 2724 875 2786 diodonis.

320 2832 337 2924 ἓ
366 2837 421 2900 46.
454 2839 550 2901 cieri.
580 2833 621 2900 Ι]
641 2834 830 2922 praemisit
858 2855 1114 2920 pinea-pene
1138 2855 1211 2900 nne
1250 2853 1331 2900 cum
1352 2833 1400 2899 si-

222 2948 303 3038 gnis
327 2949 601 3035 transponendi.
621 2987 670 3002 -·-
687 2954 925 3018 contiunculas
942 2950 980 3017 in
1001 2968 1198 3016 0051100-
1211 2954 1398 3034 petrinum.

220 3061 324 3132 Corn.
355 3063 407 3132 L².
1023 3048 1035 3064 '

200 3176 202 3182 ’
318 3179 336 3272 Ξ
364 3186 419 3248 47.
440 3183 653 3248 esseniieben
674 3178 725 3246 sic
740 3198 892 3267 semper,
913 3199 986 3248 non
1006 3185 1082 3248 eds·
1101 3185 1137 3246 et
1152 3180 1191 3248 in
1216 3179 1283 3246 hoe
1302 3183 1338 3246 et
1359 3178 1398 3244 in

220 3295 353 3364 ceteris
373 3294 409 3362 id
430 3313 544 3384 genus
564 3293 844 3380 compositis-
861 3301 969 3362 cuins.
995 3293 1064 3362 Sed
1084 3301 1138 3362 ins
1160 3295 1198 3361 in
1224 3311 1364 3364 rasura.
1382 3317 1399 3362 0

221 3428 265 3478 ex
276 3433 295 3494 q
308 3410 456 3478 factum.
472 3409 596 3476 Fuisse
610 3407 754 3476 videtur
766 3417 882 3494 quovis
895 3408 931 3498 (i.
944 3429 973 3476 e.
984 3409 1128 3500 qenins).
1138 3412 1399 3478 -Ciarniedm

222 3523 263 3592 L²
288 3524 373 3594 iecit
402 3529 663 3594 0100000000-
679 3529 717 3590 in
738 3529 938 3592 oratoribus.
976 3523 1047 3592 Sed
1074 3531 1111 3591 in
1137 3522 1216 3592 add.
1244 3523 1295 3591 Ι].
1317 3521 1397 3590 Mox

222 3645 412 3708 inridendis
429 3670 439 3720 ,·
467 3640 580 3708 etsie
607 3657 762 3725 semper.
1003 3641 1005 3646 '

318 3754 336 3847 ἓ
365 3760 419 3822 48.
449 3769 512 3823 eni
533 3761 680 3824 indietis,
708 3753 749 3820 Ι]
779 3752 858 3819 add.
891 3761 929 3822 in
960 3761 1038 3843 post
1059 3769 1131 3824 eni.
1148 3771 1275 3824 —nni
1305 3762 1399 3841 epnd

217 3875 387 3958 populum
407 3869 487 3939 add.
507 3869 557 3937 L².
576 3909 625 3928 -·-
641 3875 742 3954 ioqui.
759 3867 800 3934 Ι]
819 3871 1007 3956 praemisit
1026 3878 1190 3942 e—nisi
1214 3883 1243 3940 ei
1262 3876 1324 3956 qni
1343 3875 1395 3937 di·
1438 3959 1440 3964 Ι

220 3998 268 4054 eei
288 3999 318 4053 ei
343 4009 431 4071 qnae
454 3993 547 4056 dinei.
568 3987 609 4054 Ι]
629 3991 669 4054 ut
696 3991 733 4069 t.‚
753 3984 820 4052 sed·
837 3986 962 4054 eedem
983 4008 1112 4056 manus
1132 4007 1214 4056 mox
1233 3998 1316 4054 seni
1335 3984 1394 4075 (L

220 4101 320 4192 sini).
337 4141 387 4154 —
402 4113 522 4172 estere.
