3382 5110
791 418 1004 508 ...ΑΜ

307 610 347 678 in
379 608 622 676 Riccardiana
653 607 764 698 (506);
785 609 846 676 sed
874 608 1027 676 multum
1059 608 1161 676 abest
1182 614 1233 693 ut,
1265 608 1359 695 quod
1390 606 1485 672 idem

227 745 232 756 ·
308 721 512 792 Ellendtius
551 722 766 808 arbitratur,
798 722 961 791 omnium
994 723 1042 790 sit
1076 721 1484 810 Lagomarsinianorum

308 837 657 926 praestantissimus.
1571 815 1576 826 ⁴

405 953 567 1041 Vestigia
611 953 858 1040 antiquiorum
904 952 1105 1022 formarum
1141 953 1201 1022 hic
1241 952 1352 1022 codex
1393 971 1486 1020 unus

308 1069 470 1136 omnium
508 1067 764 1136 lacunosorum
791 1066 948 1154 plurima
977 1087 1138 1136 servasse
1168 1069 1320 1136 videtur.
1347 1067 1484 1140 Horum

308 1182 424 1250 multa
441 1184 489 1262 ,in
521 1182 740 1271 corruptelis
765 1183 891 1269 latent,
918 1204 1010 1272 quae
1036 1185 1120 1254 inde
1147 1190 1249 1252 ortae
1275 1188 1370 1268 sunt,
1392 1181 1485 1270 quod

307 1297 482 1366 librarius
504 1298 586 1366 illas
608 1299 744 1366 formas
767 1319 831 1366 sua
851 1305 971 1367 aetate
992 1319 1141 1387 prorsus
1160 1299 1391 1368 oblitteratas
1411 1316 1484 1364 non

308 1411 558 1504 intellegebat·
583 1413 710 1503 Itaque
734 1434 801 1503 pro
823 1437 926 1499 quom
953 1420 1029 1483 tum
1054 1403 1113 1500 qm
1137 1416 1162 1482 1.
1187 1435 1218 1482 6.
1244 1421 1411 1499 quoniam
1438 1410 1488 1479 le-

308 1529 407 1618 gitur
426 1528 543 1619 (velut
564 1529 578 1596 I
597 1528 635 1621 22
655 1526 813 1622 1368),
833 1534 911 1596 tum
929 1553 1036 1614 qoam
1052 1529 1084 1620 (ἓ
1103 1526 1163 1622 91)
1182 1530 1238 1597 vel
1257 1526 1487 1620 666(ἓ112);

310 1649 355 1725 11,
376 1645 497 1726 bidem,
517 1649 579 1728 1111,
602 1651 728 1712 tudem
749 1664 814 1732 pro
838 1650 938 1712 tete.
959 1644 1070 1735 (velut
1094 1645 1108 1711 Ι
1127 1643 1163 1736 ἐξ
1182 1644 1241 1712 11.
1259 1643 1319 1712 50.
1338 1641 1397 1710 53.
1423 1640 1482 1710 59.

308 1756 364 1826 65.
395 1757 453 1824 66.
475 1756 532 1825 69.
559 1757 615 1824 72.
642 1757 701 1826 82.
722 1758 804 1826 118.
830 1757 913 1826 160.
939 1757 1021 1826 186.
1046 1758 1141 1851 tat).
1167 1759 1285 1828 Semel
1307 1760 1346 1826 in
1366 1758 1484 1846 primo

308 1872 403 1941 libro
440 1873 627 1941 invenitur
661 1879 712 1942 bis
737 1894 803 1962 pro
833 1875 911 1964 ipso
937 1874 1163 1942 nominativo
1189 1881 1218 1942 11
1249 1872 1369 1968 (7311
1395 1871 1413 1964 Ξ
1437 1869 1482 1939 87

309 1997 364 2058 est
385 1996 465 2076 ipsis
483 2009 550 2078 pro
571 1998 637 2077 ipae
655 1998 683 2058 ts
703 1991 813 2083 (dat).
827 1995 944 2070 (166611
960 2011 1027 2079 pro
1044 1999 1164 2076 666161
1183 1997 1238 2058 est
1257 1991 1271 2058 1
1294 1990 1332 2083 ἓξ
1347 1991 1406 2060 28.
1425 1990 1483 2058 47.

308 2111 430 2192 Aliquo
454 2107 609 2194 aprima
632 2126 743 2176 manu
765 2108 876 2175 fuisse
896 2107 1037 2176 videtur
1063 2105 1485 2196 6166116661102616-

308 2221 387 2290 vior
407 2228 461 2290 est
482 2222 688 2310 corruptela
708 2221 740 2288 Il
759 2221 777 2313 ἓ
796 2221 868 2289 174
887 2245 1016 2288 aarum
1036 2225 1139 2300 QUOD
1157 2225 1201 2288 ID
1218 2229 1399 2306 quodenset
1419 2242 1485 2310 pro

306 2358 438 2402 eoram
459 2339 555 2414 01101
571 2341 659 2420 qood
681 2348 817 2402 61161-
832 2335 929 2402 Η666
953 2334 1171 2402 omniafere
1196 2335 1378 2403 recentior
1410 2355 1485 2402 ma-

308 2443 377 2520 nus
409 2452 581 2536 correxit,
615 2451 677 2518 sed
710 2451 760 2518 ita
795 2457 834 2517 ut
861 2451 1129 2538 antiquioribus
1154 2450 1281 2530 formis
1316 2449 1483 2540 vulgares

308 2564 624 2632 substitueret—
642 2564 809 2632 Formam
845 2565 1004 2654 genetivi
1037 2569 1251 2649 etoqcentom
1282 2565 1483 2633 correctori

308 2699 457 2766 prorsus
478 2678 673 2748 obscurare
694 2700 766 2748 non
783 2679 887 2748 licuit
906 2682 921 2770 5
941 2677 999 2746 58.
1028 2679 1135 2746 Plura
1161 2679 1197 2746 id
1217 2699 1330 2768 genus
1350 2680 1483 2748 afferre

307 2801 484 2884 poteram,
505 2797 577 2863 nisi
598 2796 652 2864 vel
674 2796 764 2864 haec
784 2797 872 2864 satis
892 2816 970 2864 esse
989 2795 1193 2864 arbitrarer
1216 2798 1334 2884 perito
1354 2797 1483 2866 lectori

308 2911 354 2980 ad
379 2910 523 2998 plenam
547 2912 682 2981 codicis
710 2913 812 3000 quasi
838 2913 1036 3001 imaginem
1063 2913 1186 2980 animo
1217 2912 1483 2982 informandam

309 3026 487 3114 simulque
508 3028 554 3095 ad
574 3029 818 3097 recentiorum
839 3029 1026 3097 hominum
1051 3047 1209 3116 operam,
1229 3049 1250 3097 a
1274 3029 1404 3117 quibus
1427 3051 1485 3099 co·

307 3143 425 3212 dicem
450 3143 612 3212 fortuitis
650 3143 792 3213 librarii
820 3146 919 3213 vitiis
951 3149 1145 3233 purgatum
1173 3165 1250 3214 esse
1282 3146 1484 3214 Ellendtius

307 3261 408 3340 dicit,
436 3266 536 3329 recte
563 3262 838 3330 aestimandam.

405 3373 538 3442 Fuerat
557 3382 678 3443 autem
706 3376 745 3443 in
767 3376 889 3444 animo
910 3377 1021 3446 totius
1046 3375 1166 3464 operis
1189 3375 1404 3443 varietatem
1425 3377 1487 3445 ad-

307 3489 496 3558 notatione
526 3490 744 3560 instructam
771 3491 889 3576 edere,
916 3492 1010 3579 quod
1037 3512 1083 3559 ne
1106 3510 1205 3558 nunc
1224 3490 1382 3560 facerem
1404 3513 1485 3561 cum

306 3604 379 3674 alia
411 3605 558 3694 negotia
593 3625 667 3674 non
694 3605 893 3700 differenda
928 3606 1177 3696 prohiberent,
1198 3607 1286 3674 satis
1317 3608 1356 3675 in
1383 3628 1487 3696 prae-

308 3720 404 3788 senti
429 3720 515 3788 duri
540 3721 579 3788 in
607 3721 724 3809 primo
743 3721 839 3790 libro
866 3723 1075 3808 consistere,
1102 3724 1320 3811 praesertim
1342 3743 1422 3792 cum
1446 3725 1484 3792 in

307 3838 375 3906 hoc
401 3834 507 3920 libro,
528 3835 748 3904 Abrincensi
769 3836 969 3922 deficiente,
993 3836 1217 3925 reliquorum
1242 3838 1405 3908 codicum
1427 3862 1486 3909 va-

307 3951 452 4020 rietatis
473 3950 579 4040 plena
615 3951 776 4040 cognitio
801 3955 917 4044 magis
938 3971 1046 4040 6116111
1067 3953 1105 4021 in
1122 3955 1260 4039 ceteris
1287 3952 1334 4020 sit
1363 3975 1486 4025 neces-

309 4084 423 4138 sarra.
