3382 5110
792 396 1005 522 mett

411 623 427 710 5
455 629 509 692 16.
535 642 627 710 quae
651 623 694 691 de
718 625 932 711 pronomine
953 631 1130 710 quondum
1156 631 1241 696 ante
1265 625 1483 694 adiectivum

315 737 428 823 posito
465 735 623 806 Sorofius
656 736 834 824 observat,
871 737 1133 810 confirmantur
1167 759 1208 806 eo
1235 739 1328 827 quod
1361 740 1400 807 in
1437 737 1484 806 32

313 857 489 936 quondum
515 855 790 938 mcpnitudinem
810 852 957 941 legitur,
983 875 1090 942 quam
1112 854 1305 923 verborum
1326 854 1486 922 colloca-

314 967 449 1034 tionem
476 984 666 1057 proptorea
697 968 863 1056 praefero
889 970 983 1057 quod
1008 990 1079 1038 non
1107 969 1286 1056 adiectivi‚
1315 970 1376 1037 sed
1402 969 1486 1037 sub-

313 1084 461 1153 stantivi
480 1084 581 1153 notio
602 1083 661 1151 hic
681 1084 860 1152 efferenda
884 1089 948 1152 est.

409 1197 428 1292 ἓ
454 1203 509 1266 21.
535 1203 677 1285 emetur,
702 1199 796 1287 quod
817 1203 918 1266 recte
941 1196 1101 1265 Sorofius
1127 1197 1277 1286 recepit,
1299 1203 1354 1264 est
1374 1199 1484 1266 etiam

314 1315 350 1382 in
379 1311 436 1380 32.

411 1425 429 1517 ἓ
455 1432 512 1494 30.
542 1439 661 1509 metuo,
687 1429 852 1515 quamvis
885 1429 994 1496 etiam
1022 1448 1043 1496 a
1074 1427 1120 1496 32
1149 1427 1257 1514 absit,‘
1285 1427 1483 1516 genuinum

314 1542 467 1611 videtur.
492 1541 590 1622 Quae
613 1542 709 1611 enim
736 1543 795 1611 hic
818 1543 1001 1630 dicuntur,
1026 1563 1109 1612 mox
1135 1542 1255 1611 verbis
1281 1546 1367 1622 Quid
1390 1548 1483 1610 enirn

314 1677 386 1745 eqs.
410 1657 589 1746 copiosius
608 1657 837 1747 explicantur
862 1664 969 1747 atque
993 1660 1045 1727 ita
1065 1664 1104 1726 ut
1130 1657 1240 1728 verba
1267 1657 1386 1726 verbis
1409 1677 1485 1726 res-

313 1773 506 1861 pondeant.
539 1772 664 1861 ltaque
697 1774 732 1841 ei
762 1773 857 1861 quod
893 1779 946 1840 est
979 1786 1083 1842 tenere
1118 1779 1297 1841 liomtnnm
1330 1777 1482 1844 Caurus

313 1888 533 1977 respondent
568 1886 630 1956 illa
658 1911 696 1957 ec
722 1895 864 1973 infinite
893 1892 1169 1958 nutriremur
1205 1894 1385 1956 lominum
1416 1895 1484 1956 ani·

255 2033 258 2040 ¹
312 2017 525 2072 sterculium
544 2024 629 2091 eqs;
653 2005 686 2072 ei
706 2025 791 2074 vero
811 2026 844 2094 q.
863 2025 895 2071 e.
914 2009 1068 2076 MENTIS
1085 2009 1224 2074 adlicere
1247 2004 1391 2080 illaool
1412 2017 1484 2072 tom

314 2127 507 2190 iucundum
541 2125 716 2191 COGNITU
744 2133 846 2208 atquo
872 2127 997 2190 auditu
1028 2143 1134 2207 quam
1159 2107 1243 2209 e'qs3
1268 2122 1302 2189 ei
1329 2121 1492 2209 denique·

313 2255 346 2324 q.
373 2255 404 2304 e.
440 2240 697 2308 VOLUNTATES
728 2242 895 2325 impellere
919 2257 993 2326 eqs.
1019 2235 1082 2304 illa
1108 2241 1225 2324 populi
1250 2241 1382 2306 MOTllS
1404 2259 1484 2306 con·

312 2357 406 2420 verti.
436 2349 489 2418 Ex
523 2350 580 2417 his
605 2350 716 2418 etiam
743 2356 895 2440 apparet
925 2350 988 2419 illa
1023 2369 1114 2439 quae
1145 2349 1264 2418 media
1296 2355 1381 2418 sunt
1408 2355 1484 2416 oceo

312 2489 385 2534 uuo
406 2489 455 2534 res
468 2518 476 2536 .
490 2517 498 2534 .
513 2517 521 2533 .
539 2472 716 2535 dominatu
737 2479 783 2536 est
803 2466 848 2536 ab
874 2467 998 2557 inepto
1021 2467 1166 2535 homine
1188 2465 1349 2534 alienum
1370 2465 1409 2532 in
1429 2463 1484 2531 lo-

313 2582 558 2670 cuminvecta
571 2601 658 2668 esse,
670 2581 801 2669 quibus
816 2602 908 2671 quae
923 2582 1067 2652 ratione
1083 2601 1218 2650 conexa
1234 2583 1307 2649 sint
1322 2582 1358 2650 vi
1374 2581 1484 2648 divel-

314 2698 448 2766 lantur.
462 2697 557 2766 Fons
585 2697 877 2789 interpolationis
900 2705 954 2768 est
973 2698 1062 2767 illud
1082 2699 1219 2768 Antoni
1239 2698 1287 2790 (ΙΙ
1301 2697 1319 2789 p
1333 2697 1400 2790 23)
1423 2703 1484 2782 qui

312 2814 411 2905 (usus
437 2812 595 2904 dicendi)
620 2819 775 2882 inomni
794 2825 917 2901 poculo
939 2825 968 2883 el
992 2819 1094 2882 libero
1116 2819 1250 2882 civitate
1271 2818 1482 2880 dominetur.

409 2931 425 3018 ἓ
452 2934 507 2998 32.
533 2934 581 2998 vel
607 2951 781 3016 provocare
802 2937 946 3016 intepros
972 2931 1082 2999 etiam
1106 2928 1163 2997 32.
1184 2929 1341 3017 Torquet
1365 2927 1482 2995 adhue

270 3083 276 3094 ·
314 3045 372 3112 hic
404 3043 505 3114 locus
531 3044 609 3111 sine
638 3063 746 3112 causa
773 3045 870 3113 viros
896 3045 1030 3132 doctae,
1057 3045 1219 3133 quamvis
1241 3050 1409 3132 apertum
1436 3045 1482 3110 sit

312 3167 456 3245 intepros
477 3140 520 3226 er
539 3179 581 3227 eo
602 3160 694 3247 quod
716 3167 769 3228 est
799 3167 926 3245 inteper
956 3165 1077 3228 ortum
1096 3180 1185 3246 esse,
1205 3180 1286 3228 cum
1309 3160 1346 3228 id
1372 3158 1483 3228 libra-

313 3276 359 3344 rii
379 3276 424 3344 ad
443 3274 594 3344 verbum
618 3300 793 3364 prouocare
814 3278 1104 3360 accomodarent,
1131 3279 1224 3365 quod
1245 3275 1385 3344 scilicet
1408 3276 1483 3344 obi-

312 3395 432 3459 ectum
458 3412 562 3460 suum
589 3392 807 3480 requireret.
835 3397 1026 3478 inruperat
1053 3397 1220 3460 lacessitus
1245 3393 1370 3461 eadem
1396 3391 1483 3460 rati-

312 3527 379 3576 one
405 3527 475 3596 qua
500 3531 674 3595 provocare
697 3505 988 3601 (=lacessere)
1016 3513 1053 3575 et
1083 3521 1110 3576 le
1136 3512 1252 3578 ulcisci
1280 3510 1378 3578 inter
1404 3527 1481 3576 sese

310 3620 542 3711 respondent.
571 3625 739 3708 Irnprobos
765 3641 865 3690 mera
893 3625 947 3688 est
975 3621 1197 3690 coniectura.

408 3737 426 3828 ξ
455 3742 511 3804 36.
536 3739 855 3826 comprecantium
881 3757 949 3804 om.
975 3734 1043 3821 32„
1069 3737 1164 3805 unde
1190 3737 1228 3804 in
1255 3736 1331 3803 eius
1358 3737 1483 3805 arche-

312 3858 395 3942 typo
417 3859 628 3940 prudentum
655 3853 828 3943 scriptum
852 3853 962 3921 fuisse
989 3853 1143 3922 conicio.
1172 3851 1232 3920 Sic
1251 3853 1348 3920 enim
1374 3873 1483 3942 appa-

312 3972 369 4035 ret
405 3988 469 4038 cur
496 3967 558 4037 illa
584 3969 693 4038 verba
729 3969 986 4037 interciderint
1012 3969 1243 4062 (dissipamur
1266 3991 1336 4036 non
1359 3957 1485 4056 procla-

317 4080 420 4175 rou).
