3382 5110
773 414 818 488 49

687 486 902 510 ᾺΛΜΛΝᾺΛΛΛ

208 606 313 675 modo
333 605 392 674 hic
413 612 563 674 rationes
587 601 801 694 intellegere
823 602 1031 690 debeamus,
1055 609 1133 674 tum
1154 607 1265 677 etiam
1291 606 1391 677 lacu·

208 743 334 792 nosam
357 740 436 790 esse
462 720 667 798 orationem
694 725 773 809 post
796 719 833 789 id
858 720 1074 792 vocabulum
1101 730 1266 814 apparet,
1292 722 1391 794 lacu-

208 857 366 926 namque
402 836 448 906 ad
486 855 612 907 eorum
649 835 812 906 locorum
851 836 1130 906 similitudinem
1170 838 1389 928 explendam

208 973 296 1022 esse.
318 952 394 1024 Nec
420 956 544 1024 tamon
571 949 697 1020 celabo
718 949 737 1043 ξ
760 949 807 1020 60
826 949 965 1043 (aarum
985 955 1144 1022 omnium
1166 959 1385 1042 malerten,

207 1091 294 1156 quac
328 1075 367 1138 dc
390 1068 529 1136 autumo
559 1069 708 1136 bwmoni
736 1074 866 1154 yonnis
891 1093 931 1138 oc
960 1075 1112 1140 moribus
1138 1095 1160 1140 o
1183 1075 1389 1158 pbilosophis

206 1181 451 1275 cepticontcr),
474 1181 537 1250 ubi
563 1182 689 1252 eadem
709 1183 894 1251 sententia
921 1185 1127 1274 exponitur,
1147 1191 1294 1254 rotioms
1316 1184 1389 1254 alio

204 1297 361 1387 quodam
396 1297 500 1368 modo
534 1297 652 1388 accipi
678 1303 858 1387 oportere,
888 1299 923 1367 h.
951 1319 981 1369 e.
1013 1301 1058 1368 de
1089 1299 1386 1390 philosophorum

115 1490 122 1500 ,
206 1412 362 1504 planitie.
379 1410 468 1481 Utut
487 1431 547 1480 res
572 1432 611 1481 se
634 1411 756 1499 habet,
777 1412 868 1482 illud
890 1419 1032 1482 certum
1055 1421 1110 1485 est
1133 1421 1169 1485 et
1196 1416 1316 1487 locum
1337 1415 1389 1486 le-

207 1548 383 1598 cunosum
409 1547 487 1596 esse
513 1534 549 1596 et
571 1527 700 1598 Sorofii
726 1528 1009 1618 explicationem
1035 1531 1113 1600 eius
1136 1538 1389 1620 perenaeos

205 1663 229 1713 a
254 1642 515 1735 probabilitate
541 1642 753 1713 abhorrere.

307 1757 326 1851 ἒ
351 1764 421 1826 226
447 1763 538 1827 extr.
557 1758 643 1828 Mihi
666 1758 815 1828 dubium
839 1779 914 1828 non
946 1765 1000 1828 est
1026 1760 1116 1847 quin
1137 1758 1228 1827 illud
1244 1771 1389 1848 potesta·

209 1887 274 1944 tem
305 1875 677 1962 interpretamentum
717 1874 763 1942 sit
790 1874 869 1942 eius
895 1895 927 1963 q.
961 1895 990 1944 e.
1030 1879 1184 1944 domnas.
1224 1873 1319 1944 Sane
1351 1880 1387 1942 et

207 2008 518 2080 supervacaneum
540 1995 594 2059 est
620 1996 656 2059 et
678 2009 720 2058 eo
744 1989 868 2057 addito
887 1990 984 2080 perit
1010 1989 1188 2059 orationis
1205 1994 1387 2075 venustae,

207 2125 301 2194 quae
326 2105 365 2173 in
387 2104 509 2173 verbis
531 2104 721 2174 translatis
748 2106 865 2174 omnis
892 2111 946 2174 est
972 2105 1104 2193 posita.

306 2219 431 2312 2234.
458 2227 547 2290 video
572 2225 657 2308 quid
691 2226 818 2306 operis,·
858 2232 933 2288 tom
965 2242 1045 2288 curo
1070 2223 1198 2288 dicebas
1223 2223 1386 2289 videbom.

206 2335 375 2408 Nondum
396 2335 486 2404 mihi
507 2335 726 2425 persuadent
746 2336 970 2424 interpretes
996 2333 1086 2402 haec
1112 2352 1202 2402 sana
1225 2352 1303 2402 esse
1322 2351 1387 2422 pu-

208 2457 316 2540 toque
340 2458 492 2525 videbam
512 2451 557 2520 ab
581 2471 623 2520 co
650 2471 729 2520 esse
752 2451 967 2540 profectum,
987 2450 1050 2539 qui
1076 2448 1166 2518 illud
1187 2450 1276 2520 video
1306 2467 1387 2540 per-

207 2568 294 2638 lecti
329 2568 402 2638 vim
430 2588 706 2658 nonnumquam
731 2569 900 2658 accipere
928 2566 1044 2660 (velut
1069 2565 1112 2652 ll,
1139 2563 1206 2635 432
1232 2566 1269 2634 id
1294 2565 1387 2634 enim

215 2690 333 2755 VlDllO
347 2691 433 2774 poni
456 2706 562 2770 pocus
589 2684 745 2778 tertiam)
769 2705 851 2754 cum
874 2683 1045 2768 nesciret,
1065 2681 1221 2752 miratus
1248 2682 1294 2750 sit
1314 2680 1389 2750 An-

209 2803 350 2872 tonium
375 2819 474 2871 nunc
497 2802 656 2890 primum
681 2821 719 2869 se
741 2801 863 2869 videre
885 2799 1008 2867 dicere
1032 2798 1126 2887 quod
1153 2796 1387 2886 iampridem
1412 2861 1414 2868 .

208 2918 331 2986 videre
358 2917 545 3007 potuisset.
570 2915 648 3000 Quo
674 2915 784 2985 verbo
810 2915 927 2984 eiecto
953 2921 1088 3001 cetera,
1116 2914 1283 2984 oratione
1308 2915 1388 2982 sine

208 3034 445 3106 distinctione
463 3034 678 3104 continuata
695 3033 804 3125 (uideo
821 3038 906 3118 quid
921 3032 1024 3119 operis
1044 3045 1119 3102 tum
1136 3029 1393 3124 obaudiemus),

209 3149 344 3239 optime
361 3149 572 3238 procedent,
591 3167 708 3238 neque
729 3145 792 3216 illa
813 3159 888 3214 tom
903 3169 983 3214 eom
1000 3151 1130 3216 dicebar
1148 3165 1212 3214 sua
1233 3145 1269 3212 vi
1288 3162 1391 3214 care-

208 3265 312 3334 bunt.
338 3265 414 3333 Hoc
440 3264 539 3332 enim
560 3265 649 3332 dicit
674 3263 867 3348 Antonius,
892 3260 1063 3330 Crassum
1089 3281 1163 3332 non
1182 3269 1310 3358 torpor
1331 3281 1390 3330 ea·

209 3381 291 3450 dem
307 3381 350 3448 de
364 3379 445 3448 iure
466 3377 563 3448 civili
578 3378 745 3462 sensisse,
765 3377 828 3444 sed
845 3388 919 3444 tucn
934 3396 1014 3444 cam
1032 3375 1171 3444 diceret
1186 3375 1390 3464 praesentis

209 3496 320 3566 Mucii
357 3495 507 3564 honoris
546 3514 654 3564 cause
693 3493 785 3562 iuris
811 3490 1057 3581 cognitionem
1089 3496 1236 3580 praeter
1274 3490 1389 3560 animi

211 3609 432 3679 sententiam
459 3608 642 3678 extulisse.

307 3733 356 3802 ib.
379 3746 407 3802 tc
426 3731 658 3801 subditicium
677 3729 767 3798 mihi
781 3727 934 3797 videtur.
954 3725 1047 3796 Nem
1066 3717 1253 3818 χαρίζεσθαί
1269 3729 1300 3793 τί
1319 3751 1391 3812 τινι,

188 3870 319 3940 .quam
346 3848 533 3917 notionem
569 3846 630 3916 hic
657 3844 840 3914 sententia
868 3840 1039 3932 postulat,
1067 3861 1139 3910 non
1167 3848 1222 3912 est
1247 3847 1329 3912 doro
1358 3865 1392 3912 sc

208 3971 316 4036 alicui
342 3964 405 4032 sed
429 3969 510 4032 dore
533 3957 702 4054 (aliquid)
724 3964 842 4043 alwici,
868 3963 909 4026 ut
936 3962 972 4026 et
994 3955 1085 4026 alibi
1111 3955 1244 4045 legitur
1266 3962 1302 4024 et
1323 3974 1390 4044 pro

209 4080 308 4151 Sulla
335 4079 353 4172 ἓ
384 4077 452 4148 45:
482 4075 678 4166 «permitto
704 4074 842 4162 aliquid
868 4073 1080 4142 iracundiae
1107 4078 1202 4157 tuae,
1226 4076 1268 4140 do
1300 4071 1390 4140 adu-

1267 4202 1286 4264 4
