3382 5110
894 437 934 509 18

326 661 405 730 add.
424 674 454 728 et
471 681 507 728 re
519 659 933 750 (lt-seribendumque.
951 655 990 722 L²
1011 653 1090 722 add.
1110 659 1234 720 meiere
1258 652 1501 739 opere-eui-

325 789 462 844 stet.·-
476 787 587 841 temeu
608 780 647 840 in
672 795 718 838 eu.
733 776 847 839 -ltic
872 783 927 838 est.
954 769 1023 837 Sed
1047 775 1099 836 lile
1117 789 1160 836 ex
1186 775 1237 835 lu's
1255 767 1501 834 factum—et

326 901 446 962 auore
470 905 500 960 u
524 897 680 959 tecleae.
697 887 799 957 sorr.
821 889 934 955 0.-
951 893 1038 955 ture.
1060 885 1129 954 Sed
1150 872 1169 953 l
1184 885 1262 953 add.
1283 887 1337 954 ι’.

425 1007 442 1098 ξ
470 1014 525 1075 96.
560 1011 765 1091 Insperonti,
803 1011 918 1088 iuquit
943 1002 1025 1093 (hoc
1051 1004 1212 1070 additum
1245 1004 1283 1070 in
1311 1004 1501 1094 margine),

327 1131 425 1192 inihi.
442 1162 492 1176 -
508 1145 693 1190 sermonem
718 1120 796 1188 add.
829 1120 880 1186 L2.
898 1157 948 1174 -
966 1125 1049 1187 setis
1076 1125 1276 1188 iucundum.
1289 1157 1340 1172 —
1354 1133 1435 1189 tum.
1461 1120 1501 1186 L²

331 1254 445 1307 tunice
457 1239 719 1306 fecit—liuius
733 1237 811 1304 add.
826 1236 1126 1302 L².-iutumo·rn.
1141 1234 1181 1301 L²
1194 1259 1221 1302 u
1236 1235 1275 1303 in
1296 1243 1310 1304 l
1330 1236 1497 1304 mutavit.

427 1354 444 1446 Ξ
469 1360 524 1421 97.
550 1359 728 1436 utriusque
756 1363 922 1418 uestrum.
937 1347 987 1403 -‘-
1003 1354 1121 1418 Crussi.
1144 1351 1184 1417 L²
1204 1375 1244 1419 ·e.
1260 1375 1398 1418 -uere
1424 1351 1501 1418 add.

330 1469 368 1535 in
388 1468 555 1556 margine
576 1466 743 1554 L².-·per
756 1489 810 1532 rue
831 1473 956 1552 ipsum.
971 1501 1021 1518 -
1037 1488 1108 1531 uere
1126 1464 1181 1558 (L2
1201 1463 1289 1558 uere)
1316 1471 1431 1550 loquor
1448 1465 1502 1555 (Ι,2

332 1583 483 1674 loquor).
498 1589 790 1669 -percoutoetl
821 1580 861 1647 L²
890 1603 1166 1666 -euu-.-quoe
1198 1585 1321 1649 soleres.
1350 1581 1391 1648 L²
1415 1588 1503 1649 soles.

331 1697 370 1763 Ι]
391 1697 553 1764 restituit
574 1696 697 1764 soleres.

428 1809 446 1901 ἓ
473 1815 528 1876 98.
554 1831 673 1875 eurum
699 1816 855 1895 ipsorum
880 1831 1007 1874 rerum.
1034 1807 1104 1874 Sed
1130 1830 1244 1874 rerum
1271 1807 1350 1874 add.
1388 1807 1440 1873 L².
1455 1845 1505 1859 -

330 1932 461 1992 diceucll
488 1925 570 1992 add.
603 1924 655 2010 L²,
688 1924 750 1991 sed
788 1930 911 2011 postea
952 1929 1186 2010 expunctum.
1210 1961 1260 1975 -
1279 1947 1302 1990 o
1335 1928 1505 1990 nolu.-

332 2049 452 2125 adjicio
471 2040 639 2131 (pretium
662 2039 743 2106 add.
764 2039 824 2130 L2)
844 2050 943 2105 tuum
964 2039 1063 2128 (pune
1081 2039 1163 2106 add.
1187 2040 1256 2130 Π).
1275 2037 1376 2105 Corr.
1396 2038 1505 2105 10.-

430 2156 447 2247 g
474 2163 529 2224 99.
552 2160 661 2222 lmine
688 2178 758 2223 reru
774 2208 782 2223 .
874 2177 1041 2240 repulsus.
1060 2155 1101 2222 L²
1122 2159 1226 2222 Enim
1244 2177 1318 2222 uero
1338 2207 1345 2222 .
1363 2207 1371 2222 .
1389 2207 1425 2223 ..
1450 2178 1505 2220 ro-

332 2296 456 2359 pemus.
474 2310 523 2325 —
541 2278 575 2338 icl
600 2277 687 2356 petest
713 2277 867 2354 requiris.
894 2269 963 2337 Sed
998 2273 1033 2336 id
1051 2270 1130 2337 add.
1162 2271 1214 2337 L².
1233 2309 1282 2324 -·-
1300 2293 1352 2338 rue
1369 2276 1505 2354 quidem

333 2397 438 2474 seteor
462 2410 598 2472 semper.
626 2385 694 2452 Sed
722 2409 774 2453 me
804 2393 839 2453 et
866 2392 971 2470 litteor
992 2385 1071 2453 add.
1091 2385 1143 2471 L²‚
1169 2409 1295 2473 semper
1330 2387 1380 2454 L³.
1397 2423 1447 2438 -
1466 2399 1505 2454 ut

337 2515 413 2569 tute.
435 2500 503 2568 Sed
525 2513 562 2566 tu
581 2500 659 2567 add.
682 2499 909 2584 L².-nepue
928 2513 967 2566 ut
988 2515 1053 2567 tuo.
1069 2499 1139 2568 Sed
1157 2513 1196 2567 ut
1221 2501 1302 2567 add.
1327 2501 1378 2568 L².
1401 2507 1506 2585 Neque

335 2637 378 2683 ex
398 2619 527 2700 uepuul
547 2614 683 2682 factum
703 2615 855 2682 videtur.
869 2652 919 2666 -
935 2637 1129 2699 eopuesseru.
1163 2616 1203 2683 L²
1224 2623 1368 2684 -uisseru,
1380 2654 1430 2669 --
1444 2621 1507 2682 lle-

337 2737 472 2799 lrereule.
510 2730 627 2797 Sedu
653 2737 882 2818 expunctum.
912 2730 1039 2798 Postea
1070 2737 1243 2818 punctum
1271 2731 1440 2799 deletum.
1458 2769 1508 2783 -

237 2886 246 2905 ·
336 2870 455 2915 eorum
473 2867 598 2914 rerum.
622 2843 694 2915 Sed
713 2869 829 2913 rerum·
850 2846 928 2913 add.
956 2846 1005 2912 L².
1025 2885 1075 2900 -
1094 2853 1132 2914 iu
1151 2859 1223 2914 erte
1245 2853 1442 2946 truduntur.
1466 2846 1506 2912 L²

339 2976 379 3032 tr.
398 2969 438 3030 iu
457 2973 538 3028 urle.
556 2998 606 3013 -
623 2967 802 3028 inscientia
825 2961 865 3027 L²
883 2969 1007 3030 -scitiu

433 3076 451 3169 ἓ
476 3080 555 3144 100.
592 3080 758 3156 Quoniam
782 3084 943 3162 quod-
960 3081 1145 3160 videbatur,
1175 3081 1315 3143 omuino
1340 3089 1377 3143 ut
1406 3075 1452 3165 (s.
1479 3097 1507 3141 c.

337 3195 440 3283 signa
466 3191 1010 3283 transpositionis).-assecuti,
1047 3198 1086 3260 ut
1118 3189 1219 3259 solet.
1237 3195 1406 3274 -suerit
1426 3197 1507 3257 item

337 3318 366 3378 sl
385 3315 512 3377 omitia.
538 3305 637 3376 Corr.
658 3307 708 3375 L².

434 3422 453 3513 ἓ
475 3427 552 3490 101.
579 3427 620 3489 lle
641 3427 702 3506 liis,
725 3427 826 3488 cralo.
842 3459 892 3473 -
907 3427 1117 3490 cretionibus,
1142 3420 1182 3487 L²
1206 3426 1400 3488 certioribus
1425 3441 1506 3487 cum

339 3538 501 3607 scholio:
536 3544 661 3606 nulum
695 3544 734 3605 iu
753 3543 874 3606 dubiis.
899 3538 939 3605 In
966 3538 1131 3626 margine
1151 3543 1205 3605 est
1231 3543 1440 3605 orttiouitus.
1459 3575 1509 3590 -

339 3663 526 3743 inupudeus.
559 3654 600 3722 L²
619 3660 814 3740 inprudens.
834 3691 883 3706 -
901 3667 962 3722 out
982 3663 1073 3741 posse
1097 3661 1185 3740 quod
1204 3654 1290 3744 (hoe
1317 3675 1343 3721 s.
1370 3657 1417 3746 s.)
1436 3678 1506 3721 nou

339 3786 447 3860 potere
476 3783 506 3838 et
531 3775 631 3853 soteri
659 3776 782 3838 nescire
810 3781 873 3836 eut
890 3793 978 3856 pesse
996 3776 1147 3856 postulet.
1180 3771 1298 3839 Verba
1317 3779 1427 3857 quod.
1446 3825 1453 3840 .
1472 3824 1480 3840 .
1502 3827 1509 3842 .

340 3891 480 3974 postulet
499 3889 690 3971 expuncta,
711 3889 747 3950 et
767 3884 805 3951 in
827 3881 993 3973 margine
1019 3887 1240 3973 adscriptum
1257 3893 1411 3973 postulet.

438 4000 456 4092 ἓ
478 4005 557 4067 102.
581 4007 686 4084 Atque
703 3999 767 4089 (L2
786 4000 917 4093 etqui),
940 4007 1067 4088 iuquit,
1092 4007 1149 4070 hoc
1170 4009 1299 4070 ostende
1319 4027 1384 4087 que
1405 4010 1510 4072 ruodo.

341 4153 390 4168 -
407 4119 492 4195 Ouid
523 4120 612 4183 milti
636 4137 699 4182 uos.
717 4120 896 4184 -ulieui
932 4116 1036 4186 Sede
1065 4137 1109 4185 ex
1129 4142 1148 4202 q
1170 4118 1329 4186 radendo
1362 4120 1510 4188 factum.
