3382 5110
754 470 965 489 Ι»Ι»ΑΛΛΛΛΛΛΛΛΛ

366 593 385 686 Ξ
407 600 462 664 49.
483 601 611 662 locutos
630 608 717 663 esset.
739 600 827 664 llsset
846 595 1046 666 inductum.
1067 595 1108 662 Ι]
1127 599 1172 662 ol.
1192 605 1248 662 est.
1265 632 1315 646 --
1329 598 1447 678 fertur.

271 709 312 776 Ι]
327 725 408 778 -etnt
428 711 576 780 inducto
602 724 667 778 teet.
679 717 818 779 -Feeit
835 718 1178 799 piisice.-ornolns
1199 717 1267 796 ipse
1285 731 1358 776 vero
1376 730 1450 777 cet·

271 833 649 896 borunu.-ototot·om.
671 828 712 895 Ι]
738 833 783 896 ol.
803 834 977 896 cin-nb
999 832 1449 900 ciuilibus-renotisinis.

269 940 369 1010 Com.
392 944 446 1011 Ι].
459 951 633 1011 -55555,
656 944 697 1010 Ι]
738 963 816 1031 exp.
839 967 864 1011 s.
881 982 931 996 -
948 948 1142 1012 irislotilos.
1162 940 1262 1010 Corn.
1282 941 1395 1008 L².-
1410 949 1450 1008 in

268 1065 364 1126 nelos
382 1066 456 1129 liis.
476 1059 517 1127 Ι]
538 1059 724 1127 eradendo
748 1059 836 1126 fecit
864 1066 984 1128 tio-
1002 1065 1054 1128 nee
1072 1081 1131 1127 eos.
1150 1057 1316 1126 Alterum
1337 1081 1352 1125 e
1370 1077 1450 1146 exp.

270 1173 323 1242 L².
342 1212 391 1226 -
408 1181 515 1242 nnius
546 1181 710 1242 oroticnis
749 1195 835 1241 eum
874 1174 1011 1242 scholio
1050 1179 1263 1259 eloquentiae.
1292 1172 1333 1238 Ι]
1370 1193 1447 1261 exp.

271 1291 372 1376 prius
398 1313 429 1356 0.

370 1403 387 1496 ἓ
413 1409 469 1472 50.
489 1410 614 1471 lisdem
640 1410 678 1470 de
696 1409 800 1472 cobus.
827 1425 871 1472 ex
897 1411 917 1472 l
939 1405 1101 1477 radendo
1126 1404 1262 1472 factum
1282 1411 1304 1472 i.
1318 1426 1450 1470 -non

270 1527 353 1588 sctis
375 1525 496 1603 fecisse.
513 1517 582 1587 Sed
601 1541 670 1585 non
690 1519 770 1588 edd.
791 1520 906 1586 Ι].-
919 1528 956 1588 in
977 1527 1038 1588 ltoc
1058 1527 1190 1588 dicendi
1208 1531 1281 1586 orte
1298 1525 1448 1586 olienotn

274 1641 481 1719 titcnltotetn.
498 1635 539 1702 Ι]
559 1635 638 1701 add.
658 1657 696 1701 ec
714 1640 802 1702 ante
820 1649 901 1702 ovete.
915 1673 964 1688 -
977 1642 1061 1721 qnid
1079 1641 1251 1702 discernes,
1262 1671 1310 1688 -
1328 1639 1363 1701 li
1387 1640 1450 1718 qni

276 1759 360 1820 lene.
373 1789 423 1804 -·
437 1757 613 1837 proprium
639 1751 687 1840 [et
706 1750 786 1817 edd.
805 1751 858 1836 L²‚
879 1751 941 1818 sed
960 1757 1040 1840 post
1060 1749 1270 1838 inductum]
1291 1757 1449 1835 composi·

276 1882 359 1936 totn.
372 1867 465 1935 Mox
491 1873 700 1952 inpositione.
722 1867 763 1936 Ι]
784 1873 804 1935 l.
830 1875 1051 1956 dispositione.
1065 1876 1290 1939 -inrisione
1312 1867 1451 1959 [El-

273 1988 429 2049 Lndolnr
451 1979 519 2047 fuit
540 1980 657 2048 initio.
684 1981 726 2048 Ι]
748 1981 834 2049 feeit
863 1989 998 2050 leodelene
1023 1983 1063 2050 Ι]
1085 1989 1259 2050 landetur.
1285 1981 1326 2048 L4
1345 1984 1451 2048 resti-

273 2097 343 2164 tuit
365 2102 515 2164 lndator.
538 2096 577 2163 In
604 2098 771 2187 margine
790 2095 1013 2186 adscriptum
1038 2104 1159 2166 inelins
1186 2103 1337 2165 lodotnn

375 2210 393 2303 ἓ
420 2217 475 2280 51.
499 2217 548 2280 vel
584 2211 662 2280 add.
683 2212 796 2281 L².-·'-
812 2227 925 2281 orotot·
950 2219 986 2282 id
1009 2221 1056 2282 sic
1094 2228 1281 2297 tnntquoni.
1308 2211 1378 2280 Sed
1402 2219 1449 2280 sic

273 2348 316 2396 ex
341 2335 385 2396 sit
411 2329 571 2397 radendo
596 2324 733 2396 'fectum
759 2331 912 2399 videtur.
939 2330 980 2396 Ι]
1006 2335 1036 2396 si
1061 2342 1183 2396 oretur.
1209 2329 1250 2395 L³
1276 2340 1388 2395 croton
1409 2333 1447 2396 si.
1504 2322 1506 2326 ’

369 2443 387 2534 ἓ
414 2449 469 2512 52.
495 2467 612 2512 ecorum
637 2444 717 2512 add.
743 2445 795 2514 L².
810 2485 860 2499 -
875 2451 1016 2512 ossidne.
1149 2472 1152 2477 ·

370 2557 388 2648 ἓ
415 2565 470 2627 53.
496 2565 655 2628 menime.
679 2560 720 2626 Ι]
746 2563 1217 2628 monimum.-orotoribns.
1247 2555 1289 2622 Ι]
1307 2562 1450 2622 -tis—

271 2675 321 2736 vel
344 2677 388 2738 cd
411 2679 528 2740 odinni
553 2685 616 2740 ont
641 2679 993 2742 tolonen-iisdem.
1015 2673 1067 2741 Ex
1088 2677 1211 2740 lesden
1229 2670 1367 2737 factum
1393 2669 1452 2736 vi-

275 2783 392 2852 detur.
404 2825 453 2840 -
465 2793 553 2873 qnod
571 2793 663 2856 volet.

374 2899 392 2993 ἓ
418 2907 474 2972 54.
498 2908 641 2972 violetur.
662 2903 704 2970 Ι]
726 2910 771 2972 ol.
786 2916 1003 2997 555555.-
1017 2889 1085 2988 qni.
1109 2902 1151 2969 Ι]
1170 2923 1249 2968 coen
1268 2905 1451 2987 expuncto

275 3003 482 3102 dne.-sine
507 3023 590 3086 nilo.
616 2995 804 3087 dimidium
831 3020 977 3087 litterae
1003 3043 1029 3084 n
1055 3023 1285 3105 expunctum,
1315 3020 1354 3082 ut
1387 3014 1450 3082 fiat

276 3138 348 3201 illo.
367 3134 408 3201 Ι]
428 3137 473 3202 ol.
492 3139 816 3204 illd—Scientiunt
834 3141 982 3203 nullone.
999 3134 1040 3201 Ι]
1059 3133 1253 3221 adscripsit
1277 3132 1315 3199 in
1336 3151 1450 3219 marg.
1478 3121 1481 3127 ’

279 3255 381 3318 tolet.
400 3251 440 3318 Ι]
469 3251 535 3318 hoc
558 3257 739 3338 expuncto
765 3252 964 3320 addidit-est
988 3256 1024 3318 et
1045 3257 1241 3338 utrumque
1260 3271 1296 3316 nt
1315 3267 1451 3336 expun-

261 3365 567 3450 ‘xil—nssnmet
591 3365 702 3434 fuisse
728 3367 882 3436 videtur.
909 3366 978 3435 Sed
1003 3366 1045 3432 Ι]
1067 3386 1111 3434 ex
1137 3389 1159 3432 o
1184 3364 1270 3431 fecit
1290 3363 1450 3432 radendo

275 3503 291 3548 e
316 3486 352 3548 et
379 3477 550 3548 lineolam
592 3483 884 3550 erasit-enine
909 3481 1020 3550 abest.
1039 3520 1089 3534 -
1104 3487 1201 3567 qnod.
1235 3479 1304 3547 Sed
1331 3477 1451 3546 delio

277 3601 484 3664 atramento
510 3597 696 3685 scriptum.
708 3635 759 3650 —
771 3605 987 3666 dinewrotn-
1001 3605 1188 3665 loninnnn.
1214 3595 1283 3664 Sed
1302 3615 1390 3662 nont
1408 3595 1447 3661 in

276 3731 404 3781 rasura
431 3711 560 3780 etalio
585 3720 792 3784 atramento
819 3715 1005 3802 scriptum.

374 3825 393 3918 ξ
413 3833 468 3896 55.
488 3836 640 3898 orotocis.
658 3853 674 3896 s
693 3835 924 3917 expunctum.
937 3829 978 3896 Ι]
994 3835 1039 3897 el.
1058 3833 1244 3896 ri--listi
1258 3831 1329 3911 qni.
1346 3821 1447 3892 Corr.

276 3940 317 4008 Ι]
337 3941 424 4033 [ΕΗ
438 3979 488 3996 --
506 3949 628 4010 lernen
653 3944 733 4036 (pro
754 3944 951 4035 otetorntn).
971 3945 1012 4012 Ι]
1035 3950 1075 4012 ul
1094 3950 1119 4011 t.
1131 3943 1318 4010 -oeteros
1342 3941 1383 4008 Ι]
1402 3945 1447 4010 ol.

276 4065 552 4126 coctos-oristn
565 4059 650 4150 (alia
664 4079 792 4129 manus
807 4062 951 4148 punctis
965 4059 1201 4150 superpositis
1213 4057 1300 4125 fecit
1319 4055 1447 4145 onistii)
