3382 5110
804 385 1017 504 Mirm

323 669 325 676 ,
421 606 613 694 Reliquum
633 611 688 686 est
707 605 961 708 utquomodo
974 604 1037 676 illa
1058 605 1170 686 verba
1189 604 1227 700 ἓξ
1245 605 1292 676 49
1312 604 1360 674 50
1380 606 1505 678 sedem

323 722 505 806 mutarint
515 721 777 812 ¹suplicandum
795 721 974 792 videatur.
995 720 1087 792 Puto
1104 721 1229 812 igitur,
1243 741 1336 810 quae
1353 721 1391 814 ἓξ
1407 743 1508 811 quae

325 855 424 907 nune
449 840 535 905 sunt
569 833 725 904 51-63
756 834 993 914 continentur
1019 836 1059 904 in
1096 835 1341 920 vetustissimo
1378 837 1505 908 oodioe

297 1000 298 1003 ,
325 941 436 1020 unam
457 945 628 1046 paginam
661 949 885 1040 explosus,
910 971 1020 1040 quam
1046 951 1223 1023 litteraA
1246 951 1506 1042 significemus.

326 1065 546 1152 Quamoum
557 1066 740 1146 ‚librarius
760 1067 1023 1156 scripsissent
1042 1067 1245 1157 proximam
1263 1067 1319 1160 (B)
1338 1067 1505 1138 seribere

325 1183 518 1270 ,coepisset
545 1181 671 1252 oculus
697 1202 718 1251 a
748 1180 878 1274 {quae
900 1201 999 1254 nunc
1018 1187 1073 1252 est
1098 1181 1146 1262 49
1171 1183 1218 1253 ad
1242 1182 1261 1275 ἓ
1286 1181 1334 1252 64
1355 1191 1508 1274 propter

319 1279 446 1390 simile
461 1295 608 1370 initium
622 1295 752 1388 (Quam
773 1296 817 1364 ob
830 1297 923 1389 rem)
941 1297 1143 1368 aberravit·
1157 1297 1260 1378 Quod
1278 1318 1360 1368 oum
1380 1305 1509 1389 postea

328 1397 646 1496 animadvertisset
666 1413 778 1484 verba
804 1415 936 1485 omissa
956 1413 1008 1508 (ἓὲ
1025 1413 1088 1487 49.
1110 1413 1171 1507 50)
1190 1415 1226 1492 in
1251 1417 1419 1506 margine
1446 1437 1512 1506 pa·

319 1529 437 1618 ¹ginae
456 1529 487 1598 A
513 1529 708 1619 adscripsit
727 1550 770 1600 ea
790 1536 914 1610 mente
939 1536 979 1598 ut
998 1536 1080 1620 post
1105 1529 1215 1626 tinem
1238 1533 1395 1622 paginae
1414 1531 1514 1622 lege-

330 1651 474 1714 rentur.
496 1644 573 1716 Iam
591 1645 654 1734 qui
671 1647 777 1716 huius
797 1647 932 1716 codicis
950 1646 1147 1736 exemplar,
1161 1648 1256 1736 quod
1275 1649 1515 1739 apographon

331 1768 473 1847 vooant,
493 1787 495 1794 ⁴
512 1761 720 1850 conficeret,
740 1782 840 1850 ‚quae
870 1768 951 1852 post
982 1762 1092 1832 finem
1124 1764 1280 1854 paginae
1318 1766 1350 1834 A
1375 1764 1516 1834 deseri·

332 1875 450 1956 benda
491 1882 738 1956 assentante
781 1877 928 1946 initium
963 1878 1124 1948 eiusdem
1150 1879 1308 1971 paginae
1345 1880 1516 1970 ponenda

262 2036 268 2048 ·
332 1993 546 2076 existimans
570 1993 686 2082 inepti
711 1995 851 2065 ordinis
871 2001 999 2070 auotor
1018 1996 1168 2066 extitit..

431 2108 449 2202 ξ
477 2115 533 2177 51.
557 2111 738 2202 [Oumquid
755 2113 821 2180 erit
842 2113 953 2198 igitur
969 2161 1044 2186 ..,..
1063 2114 1221 2184 iuvenior
1238 2126 1340 2199 utque
1357 2113 1511 2205 artifeal.

333 2224 431 2293 Haeo
447 2225 479 2292 si
496 2224 577 2314 quis
596 2231 659 2293 aut
680 2245 762 2297 cum
784 2225 1033 2315 superioribus
1051 2232 1115 2298 aut
1133 2248 1216 2298 oum
1235 2229 1515 2318 insequentibus

334 2340 408 2410 ullo
446 2341 551 2412 modo
593 2341 791 2413 cohaerere
823 2347 927 2431 putat
966 2363 1009 2414 as
1036 2363 1110 2413 non
1136 2344 1256 2434 potius
1282 2346 1513 2433 superiorum

335 2477 416 2542 oum
440 2456 715 2544 insequentibus
741 2457 966 2528 artissimam
992 2459 1187 2529 dissolvere
1214 2460 1514 2531 coniunctionem

335 2573 582 2668 (uneeessaria
607 2573 746 2642 oratori
770 2574 960 2660 doctrina;
987 2593 1073 2644 uam
1091 2575 1203 2646 verba
1222 2579 1302 2646 sine
1320 2581 1515 2648 sententiis

335 2688 445 2757 funde
458 2707 506 2760 ,re
525 2687 647 2758 insani
666 2686 835 2781 est15113
858 2707 977 2778 neque
996 2688 1077 2759 ideo
1090 2693 1322 2780 aspernanda
1336 2691 1516 2780 doctrina,

334 2804 428 2892 quod
455 2802 586 2892 adres
620 2803 784 2874 forenses
820 2825 897 2876 non
932 2806 1142 2894 pertineat3
1166 2827 1252 2878 nam
1280 2808 1318 2876 in
1343 2807 1401 2876 his
1426 2807 1517 2897 ipsis

334 2919 539 2991 forensibus
558 2921 677 2990 causis
695 2920 810 2990 multa
830 2927 927 3010 sunt,
945 2941 1038 3010 quae
1058 2923 1136 2992 sine
1155 2924 1354 2994 multarum
1373 2943 1518 2994 earum-

335 3035 468 3124 que-in
491 3031 623 3104 alienis
647 3035 814 3106 artificiis
843 3037 1044 3125 positarum
1071 3058 1195 3108 rerum
1217 3039 1427 3130 cognitione
1457 3059 1519 3108 ex-

336 3152 553 3242 pediri·non
586 3158 737 3240 possunt
775 3151 897 3246 [521›)‚
934 3152 974 3220 is.
989 3153 1083 3223 nibil
1110 3156 1181 3224 erit
1216 3161 1293 3225 tam
1319 3154 1518 3226 absurdum

336 3267 426 3356 quin
452 3266 588 3336 credat.
613 3266 790 3355 Equidem
814 3287 900 3338 non
934 3266 1063 3339 dubito
1085 3271 1175 3358 quin
1208 3269 1425 3362 magisterio,
1458 3271 1518 3340 oui
1563 3343 1566 3350 ,

295 3433 297 3438 -
337 3383 544 3471 debeamus,
567 3383 753 3454 reddenda
773 3384 859 3453 sint.
942 3441 946 3448 .
997 3441 1001 3450 .
1274 3449 1279 3464 s

348 3561 351 3571 .
436 3498 455 3592 ἓ
481 3505 538 3570 52.
563 3501 642 3580 (iou
659 3501 753 3578 euim
771 3507 875 3570 noscit
892 3501 1057 3570 uiuuimli
1076 3507 1147 3570 vim
1165 3503 1301 3572 nureo
1319 3503 1462 3572 oratoris
1481 3509 1519 3572 iu

341 3617 522 3693 hominm
543 3619 786 3698 aasumensi
802 3623 848 3686 od
864 3618 959 3686 iram
973 3668 983 3686 .
998 3668 1006 3686 .
1022 3669 1030 3686 .
1046 3667 1053 3681 .
1078 3619 1347 3707 dubitabilium
1371 3625 1414 3688 od
1437 3621 1522 3692 disee

340 3737 459 3808 iisdem
477 3732 815 3818 permotionibasl...
835 3734 1050 3802 reuocandis?
1069 3738 1225 3822 Meoirue,
1243 3735 1340 3825 quod
1358 3755 1454 3806 uuus
1473 3732 1520 3804 32

322 4023 324 4030 ι
407 3993 439 4040 -'-
452 3997 533 4052 cerie
555 3995 663 4052 eodi'ris
682 3993 722 4054 ³2
739 3994 871 4066 singulae
892 3997 1015 4067 paginae
1037 3997 1157 4054 totidem
1173 3999 1236 4055 fere
1255 3997 1408 4055 uerborum
1427 3995 1520 4054 ambi·

343 4097 406 4152 tum
427 4091 586 4152 continent.
