3382 5110
751 401 789 476 51

664 499 878 522 ΛΜΛΑΛΛΛΛΛΛ,

174 635 232 689 tor
253 621 372 714 [2451.
410 627 573 708 Equidem
599 622 690 714 [239
715 622 839 712 b]....
865 645 980 692 ocrem
1008 630 1115 692 arderi
1144 623 1272 716 [240])
1301 625 1363 694 de-

171 744 423 809 monstratum
444 746 498 808 est
520 741 559 809 in
585 742 638 810 eis
658 740 789 827 causis,
807 759 962 828 quarum
989 740 1045 814 ius
1072 741 1119 809 sit
1145 748 1359 811 controver-

172 876 266 944 sum,
283 855 380 924 nihil
399 855 536 924 oratori
554 857 724 946 prodesse
743 857 834 926 iuris
854 855 973 926 civilis
987 856 1192 943 scientiam,
1206 857 1280 927 iam
1295 877 1361 926 eae

172 991 307 1041 causae
335 971 626 1058 considerantur,
651 972 695 1040 de
721 991 876 1060 quarum
902 971 982 1040 iure
1013 970 1165 1040 dubium
1192 991 1266 1042 non
1293 979 1359 1057 est,

170 1107 268 1175 quae
296 1107 381 1156 cum
407 1087 556 1156 omnino
582 1087 620 1155 in
644 1087 819 1156 iudicium
840 1107 914 1156 non
943 1087 1105 1176 veniant,
1131 1086 1287 1158 efficitur
1313 1108 1360 1157 oe

171 1203 308 1272 harum
319 1202 465 1292 quidem
479 1221 588 1272 causa
603 1204 843 1293 oratoriopus
856 1204 1003 1272 assetus
1017 1202 1123 1272 civile
1135 1202 1359 1291 perdiscere3

172 1321 381 1411 posteriore
419 1326 542 1389 autern
574 1319 773 1408 superioris
805 1319 903 1388 illius
935 1320 979 1388 dc
1015 1321 1242 1392 controversi
1265 1320 1359 1388 iuris

173 1437 297 1506 causis
329 1435 585 1524 disputationis
620 1455 761 1506 summa
792 1435 954 1506 breviter
988 1436 1181 1526 repetitur,
1207 1441 1358 1525 totaque

172 1551 265 1622 haec
297 1551 505 1641 disputatio,
528 1570 599 1639 qua
618 1551 710 1622 iuris
731 1551 848 1622 civilis
869 1551 1122 1641 cognitionem·
1136 1552 1275 1622 oratori
1296 1571 1361 1620 ne·

173 1669 375 1738 cessariam
395 1663 469 1736 nori
496 1685 574 1734 esse
599 1666 781 1736 Antonius
801 1667 916 1754 docet,
936 1672 1022 1756 apte
1043 1664 1274 1736 concluditur

274 1784 294 1877 ᾗ
313 1789 396 1853 246.
414 1807 510 1870 quae,
527 1784 622 1871 quod
642 1783 802 1854 Sorotius
819 1785 1020 1874 Kayserum
1037 1789 1185 1853 secutus
1204 1786 1360 1854 circum·

173 1899 490 1990 scripsitpoptime
508 1897 670 1972 defendit
684 1899 861 1970 Matthiae
876 1901 916 1970 io
931 1899 1100 1970 Seebodii
1114 1899 1360 1972 Miscellaneis

173 2015 326 2086 Critiois
345 2016 371 2085 l.
391 2035 424 2104 p.
443 2013 526 2085 678.
552 2013 632 2101 Sed,
650 2021 691 2084 ut
711 2016 772 2085 hic
793 2015 923 2086 Sorotii
943 2019 1124 2086 rationem
1141 2037 1214 2087 non
1234 2017 1358 2107 probo,

174 2133 224 2203 ite
249 2133 372 2202 eidem
397 2133 494 2201 infra
516 2131 680 2200 Ernestii
705 2132 933 2221 aliorumque
959 2134 1207 2203 coniecturam
1234 2141 1274 2203 in
1292 2159 1358 2221 quo

174 2245 254 2338 (pro
281 2255 325 2316 in
348 2249 431 2336 quc)
456 2245 691 2335 amplectenti
717 2247 922 2332 assentiam
942 2246 988 2315 ad
1008 2266 1116 2335 quam
1141 2246 1358 2317 confirman-

173 2364 255 2433 dam
282 2361 419 2440 afferre
452 2367 622 2451 potuerat
649 2361 737 2432 ille:
764 2369 803 2431 in
827 2385 893 2448 quo
922 2369 1032 2432 nostri
1061 2368 1202 2430 omnino
1234 2369 1357 2436 melios

174 2485 285 2547 multo
305 2476 337 2569 (ἓ
359 2475 456 2569 253).
1018 2535 1021 2542 .
1106 2491 1108 2494 ’
1300 2537 1303 2546 .

162 2651 167 2661 ,
271 2594 399 2688 ἓ247.
417 2599 569 2678 equidem
585 2597 750 2681 putabam
785 2593 948 2662 meatem
982 2594 1176 2662 homiuibus
1206 2599 1355 2662 simodo

176 2714 275 2793 tradi,
288 2707 450 2802 [ratium]
469 2709 584 2795 possit,
602 2707 813 2776 instituendo
830 2719 861 2776 et
887 2711 1130 2793 persuadendo,
1155 2729 1226 2774 oon
1247 2714 1361 2778 mino-

174 2829 217 2918 [ot
237 2827 288 2919 oi]
309 2848 349 2894 oc
373 2836 466 2894 meru
488 2829 587 2892 tradi.

273 2941 343 3010 Hic
368 2938 479 3025 locus,
507 2939 539 3008 si
558 2939 640 3028 quis
659 2936 766 3020 alius,
788 2937 1006 3006 documento
1024 2941 1079 3004 est
1098 2955 1207 3024 quam
1239 2936 1355 3008 foedis

174 3055 495 3147 interpolamentis
530 3054 714 3143 inquinati
739 3053 814 3122 sint
847 3051 985 3142 integri
1011 3051 1140 3121 horum
1175 3051 1353 3124 librorum

175 3173 328 3244 codices.
351 3171 439 3254 Quis
458 3171 557 3241 enim
583 3171 656 3240 nisi
679 3170 775 3240 male
796 3189 907 3240 sanus
936 3168 1025 3238 talia
1049 3166 1194 3237 effutire
1212 3173 1352 3257 potest:

175 3289 350 3357 virtutem
370 3287 402 3354 si
425 3284 522 3354 tradi
542 3291 676 3362 rcttoru
701 3284 825 3374 possit,
847 3289 982 3352 ratione
995 3265 1082 3373 (hoc
1103 3286 1158 3348 est
1180 3280 1279 3351 euim
1299 3287 1354 3350 in·

174 3407 344 3472 reticendo
364 3413 395 3472 et
423 3399 675 3491 persuadendo),
712 3418 785 3469 non
812 3398 848 3466 vi
873 3397 981 3468 tradi.
1010 3396 1058 3465 tt
1088 3395 1178 3467 haec
1209 3393 1355 3466 Cicero-

175 3539 260 3586 nem
291 3517 413 3586 dicere
437 3516 597 3604 potuisse
619 3514 726 3584 facile
757 3514 912 3583 credunt
935 3513 1104 3598 editores,
1130 3529 1197 3580 nec
1230 3512 1353 3580 vident

176 3641 308 3702 ratium
333 3637 369 3700 et
396 3637 430 3700 vi
448 3630 494 3700 ab
520 3649 562 3699 eo
587 3631 771 3721 adscripta
795 3648 884 3717 esse,
903 3627 976 3716 qui,
996 3646 1087 3715 quas
1112 3625 1210 3698 binis
1233 3624 1354 3698 verbis

176 3750 334 3840 scriptor
356 3748 563 3817 diremisset
582 3747 752 3816 notiones
773 3745 999 3839 (intricando
1020 3756 1052 3812 ct
1066 3745 1354 3831 persuadendo-

177 3871 284 3933 mtnis
301 3887 341 3932 oc
365 3862 486 3955 rum),
510 3859 664 3952 singulis
685 3862 808 3950 eisque
827 3860 872 3928 ad
891 3857 1189 3948 philosophorum
1209 3855 1354 3928 dicendi

177 3983 358 4050 rationem
385 3978 500 4068 magis
519 3976 763 4046 accomodatis
783 3975 991 4067 (ratione-
1004 3973 1057 4066 oi)
1074 3973 1228 4061 exprimi
1250 3991 1354 4061 posse

177 4095 367 4168 ostendere
405 4092 526 4162 vellet.
567 4091 660 4161 Illud
703 4111 845 4180 quoque
883 4090 1153 4179 ineptissimum
1190 4094 1255 4174 est,
1284 4088 1352 4176 'qui

1216 4202 1253 4281 11.
