3382 5110
746 421 790 498 35

661 521 875 541 mm

181 665 342 715 servasse
368 644 523 730 videtur,
550 645 697 713 cumin
723 644 855 713 ceteris
875 641 979 713 libris
1006 643 1051 712 ad
1077 641 1271 731 insequens
1294 665 1359 715 no-

180 783 264 833 rnen
287 759 395 853 (aim)
431 761 705 831 accomodatum
739 760 802 847 sit,
818 779 904 830 vera
927 764 983 830 est
1008 759 1131 830 lectio.
1157 759 1208 829 Gi.
1226 759 1245 852 ξ
1264 760 1357 830 219:

180 885 268 966 qood
294 885 345 947 ito
366 879 486 947 amisti
511 876 623 968 (hunc
645 877 764 947 locum
785 876 937 966 respicit
962 877 1157 968 Antonius)
1184 885 1358 947 namimm

178 1014 269 1082 possa
291 1010 407 1059 eornm
432 995 568 1075 manich,
596 995 658 1075 qui
682 994 853 1076 audirent,
879 999 942 1058 cat
969 993 1192 1074 inflammare
1220 997 1359 1060 dicando

180 1120 242 1178 aut
268 1111 510 1192 inflammatas
531 1109 746 1194 rostinpoore,
767 1107 848 1174 CUM
871 1107 926 1174 EO
950 1108 1113 1174 MAXIME
1136 1109 1198 1175 VIS
1217 1111 1359 1178 ORATO-

180 1229 262 1296 als.
277 1273 284 1288 .
297 1273 305 1292 .
320 1273 329 1292 .
361 1223 577 1291 candarau.

279 1337 316 1406 Si
343 1355 449 1424 quem
474 1332 639 1426 adverbii
663 1334 758 1422 quod
782 1338 837 1403 est
862 1341 1013 1406 maaian
1036 1334 1227 1406 collocatio
1248 1336 1365 1428 offen-—

180 1451 243 1538 dit,
270 1448 435 1519 conferat
461 1447 554 1520 mihi
578 1446 611 1515 II
636 1447 652 1538 5
678 1445 747 1516 98;
772 1454 861 1536 quod
880 1472 945 1534 epo.
959 1452 1285 1520 maalmaiadt'oaro
1301 1476 1359 1540 po-

182 1574 233 1635 tai
258 1573 298 1634 in
323 1589 361 1635 eo
386 1587 491 1634 conso
519 1582 595 1652 eqs.
681 1629 684 1636 Δ
1273 1571 1276 1576 ’

278 1677 297 1771 ἓ
323 1685 380 1747 56.
401 1682 455 1747 Sat
479 1679 573 1746 enim
599 1695 680 1746 cnm
705 1679 761 1745 illi
785 1682 826 1746 in
850 1678 987 1748 docendo
1004 1684 1190 1748 iaoidnt'nt
1210 1681 1282 1749 loci.
1306 1684 1359 1750 Set

180 1795 348 1864 hahuisse
374 1795 518 1863 videtur
553 1793 720 1882 aprima
745 1811 857 1861 manu
879 1791 942 1880 32,
973 1813 1047 1864 non
1082 1806 1123 1879 at,
1146 1793 1360 1865 rectissime.
1425 1845 1429 1854 .

180 1912 243 1980 His
267 1910 364 1981 enim
385 1918 421 1979 et
444 1929 536 2000 quae
563 1915 738 1978 secuntur
761 1929 836 1979 non
855 1909 1119 1980 confirmantur
1141 1911 1360 1984 anteceden-

178 2029 240 2115 tia,
257 2024 320 2096 sc'd
345 2026 494 2116 siquod
516 2024 680 2115 glorians
700 2023 851 2094 Crassus
876 2027 978 2114 dixit,
998 2046 1036 2114 se
1056 2043 1148 2115 quae
1168 2025 1214 2094 ad
1235 2047 1358 2096 mora·
1418 2031 1424 2042 '

179 2143 248 2212 lem
287 2148 323 2210 et
357 2139 501 2211 civilem
534 2138 799 2230 philosophiam
826 2140 1014 2228 pertinent
1048 2159 1122 2209 non
1149 2143 1359 2210 mutuaria

179 2258 412 2348 philosophie,
437 2257 501 2326 sed
527 2263 714 2345 tamquam
741 2275 761 2324 a
791 2259 977 2328 communi
1003 2275 1098 2350 penu
1132 2254 1358 2351 depromere,

178 2376 254 2465 ipse
274 2375 425 2464 opponit
444 2371 743 2463 philosophorum
761 2373 983 2462 opinionem,
997 2373 1060 2462 qui
1081 2372 1173 2443 haec
1193 2393 1257 2442 sua
1277 2393 1360 2463 pro-

179 2492 257 2579 pria
278 2493 417 2580 putent,
438 2494 579 2559 uteam
597 2487 615 2582 ἓ
635 2485 682 2556 57
704 2488 853 2559 refutet·
869 2489 994 2560 Totius
1013 2495 1135 2559 autem
1158 2489 1359 2558 sententiae

179 2607 288 2678 cardo
313 2606 353 2674 in
372 2625 415 2675 eo
437 2624 471 2696 q.
491 2625 522 2673 e.
544 2606 687 2696 proprio
707 2605 878 2676 vertitur.
901 2587 1113 2696 Philosophi
1135 2605 1247 2688 enim,
1266 2624 1359 2693 quae

178 2722 328 2792 Crassus
352 2726 552 2790 communic
578 2741 661 2790 cum
687 2721 741 2790 eis
761 2721 831 2791 sihi
845 2741 936 2790 esse
962 2722 1163 2802 contendit,
1187 2739 1255 2789 sua
1279 2741 1359 2791 esse

177 2838 316 2925 proprio
343 2834 515 2904 clamant.
539 2835 592 2904 Ex
611 2835 669 2904 his
695 2835 808 2927 igitur
828 2841 980 2927 apparet
1002 2837 1113 2906 etiam
1141 2836 1359 2907 dormitasse

179 2953 402 3022 Ellendtium
429 2973 511 3023 cum
535 2959 677 3041 propria
704 2951 916 3043 glossatoris
936 2971 1014 3022 esse
1035 2953 1293 3043 suspicaretur.

275 3065 293 3159 ἕ
320 3071 376 3136 60.
401 3089 469 3135 oso
493 3065 596 3136 abest
622 3086 643 3136 a
670 3066 883 3140 melioribus
907 3067 992 3159 ng.
1015 3087 1084 3138 nec
1109 3067 1357 3137 necessarium

178 3189 242 3267 est,
268 3183 380 3251 immo
402 3200 500 3270 vero,
525 3180 557 3250 si
591 3199 684 3270 quae
706 3183 722 3273 5
748 3181 797 3250 59
820 3188 911 3253 extr.
941 3182 1113 3273 leguntur
1140 3180 1359 3265 consideres,

179 3297 291 3368 etiam
317 3298 363 3368 ab
389 3297 459 3368 hoo
484 3297 564 3367 looo
589 3297 762 3368 alienum.
798 3298 903 3381 Quae
925 3299 1024 3369 enim
1050 3297 1111 3367 hic
1137 3317 1359 3366 enumeran-

179 3420 239 3484 tur
266 3415 313 3484 ad
335 3413 373 3483 id
389 3412 658 3504 explicandum
682 3415 882 3506 pertinent,
908 3415 1003 3505 quod
1026 3413 1104 3483 illic
1130 3414 1267 3486 dictum
1292 3415 1358 3500 est,

30 3563 31 3596 t
166 3529 293 3600 'multa
314 3548 393 3598 esse
415 3529 555 3600 oratori
574 3551 618 3600 ex
642 3533 828 3603 obscuriora
847 3534 969 3620 aliqua
986 3532 1126 3602 samntio
1148 3529 1357 3620 promenda.

179 3647 287 3717 Vides
323 3647 437 3737 igitur
464 3667 538 3718 non
560 3669 680 3718 amm
714 3649 785 3738 hic,
811 3651 874 3720 sed
902 3648 1094 3720 scientiam
1126 3646 1277 3736 requiri.
1300 3642 1354 3713 ct.

179 3763 291 3834 etiam
317 3763 334 3854 5
358 3760 417 3831 66.
581 3787 582 3792 ¹
745 3811 749 3820 .

188 3913 193 3918 ·
276 3878 296 3972 Ξ
320 3883 376 3948 67.
401 3881 481 3972 [etsi
510 3881 589 3947 door
612 3886 752 3966 occidam
772 3903 866 3952 nossa
889 3879 978 3952 dahel
1002 3879 1144 3970 oraton]
1166 3877 1257 3947 Cum
1277 3897 1359 3946 mox

171 3995 199 4095 ,ἒ
223 3967 272 4065 68
291 3997 416 4065 eadam
442 4013 502 4064 res
526 4013 592 4064 suo
619 3993 700 4068 loco
723 4000 904 4090 copiosius
929 4005 1038 4089 atque
1060 3996 1267 4068 accuratius
1295 4013 1361 4063 ex-

174 4102 350 4200 ponatur,
375 4108 487 4180 verba
512 4111 615 4181 etsi..
630 4163 660 4182 ..
693 4127 807 4184 croam
833 4115 893 4186 hio
925 4133 1075 4205 prorsus
1106 4113 1232 4201 inepte
1266 4109 1362 4178 inse-

1224 4217 1241 4281 3
1248 4224 1260 4251 0
