3382 5110
787 417 997 505 ...ΛΞΜ

304 612 506 693 importans
529 612 568 676 de
584 613 741 679 uniuerso
762 628 876 695 penore
900 609 1100 696 quaeratur,
1123 615 1272 679 alveum
1297 615 1386 697 qood
1400 633 1478 698 per-

277 720 393 799 ,eoas
417 725 514 789 certis
550 723 606 790 Ill
639 723 841 808 temporibus
865 721 1076 812 definietur)
1111 721 1273 792 scrihere
1309 723 1413 802 malit
1437 747 1478 792 oo

303 845 502 923 temporum,
528 855 588 904 me
618 834 756 906 libente
779 837 902 907 faeiat.
928 837 1021 908 Nam
1053 837 1256 927 particulas
1274 851 1338 908 out
1369 846 1406 910 et
1438 863 1478 909 oo

301 951 474 1022 conlundi
495 951 568 1022 iarn
590 953 777 1042 superiore
803 954 1038 1023 adnotatione
1056 954 1223 1041 vidimus,
1242 960 1279 1023 et
1299 975 1477 1044 personae

302 1085 344 1136 ac
386 1072 550 1156 tempora
590 1067 727 1136 rectius
754 1069 971 1160 copulantur
997 1089 1106 1158 quam
1141 1071 1392 1160 diiunguntur.
1425 1070 1475 1141 ct.

300 1200 394 1272 quae
414 1182 461 1250 ad
485 1184 501 1272 ἓ
527 1181 599 1251 iso
623 1184 778 1252 monui:

399 1295 417 1389 g
446 1302 526 1365 142.
552 1304 629 1368 tota
654 1297 745 1368 haec
771 1297 789 1391 ἓ
814 1298 974 1368 alienum
1000 1301 1040 1368 in
1064 1299 1183 1368 locum
1217 1301 1392 1369 invasisse
1423 1301 1477 1369 vi-

302 1412 420 1482 detur.
443 1410 533 1482 Cum
559 1414 658 1484 enim
686 1415 730 1482 de
755 1416 830 1484 nna
853 1415 926 1484 iam
953 1414 1183 1505 eloquentiae
1208 1421 1324 1504 parte,
1350 1416 1394 1484 de
1416 1417 1477 1484 in-

303 1529 484 1616 ventione,
504 1529 647 1600 looutus
661 1533 709 1600 sit
724 1529 887 1618 Crassus,
899 1533 994 1622 qnod
1008 1533 1149 1621 pridem
1164 1532 1301 1602 sactum
1315 1535 1477 1622 oportuit

303 1667 402 1715 nuno
421 1647 564 1716 demum
587 1647 815 1738 eloquentiae
837 1655 960 1738 partes
981 1655 1198 1730 enumerat3
1221 1669 1291 1740 qno
1315 1649 1413 1720 lacto
1431 1653 1477 1720 ad

304 1767 508 1832 ceterarum
535 1763 695 1852 partium
719 1771 913 1853 praecepta
937 1765 1149 1852 exponenda
1173 1763 1361 1858 transitui&
1385 1765 1478 1859 1431

302 1877 432 1964 113111,
458 1886 510 1965 ut,
542 1879 604 1968 qni
634 1881 792 1950 oratoris
817 1880 888 1948 vim
914 1881 1075 1970 quinque
1101 1881 1267 1970 partibus
1293 1884 1477 1953 contineri

302 1994 411 2080 dicat,
437 1995 545 2062 unius
570 2013 614 2062 ex
639 1995 706 2080 his,
732 1991 989 2084 dispositionis
1022 1997 1160 2066 nullam
1194 1999 1272 2086 ipse
1295 2000 1477 2070 rationem

303 2108 439 2178 habere
464 2110 640 2179 videatur.
666 2109 787 2192 Quare
812 2131 894 2180 enm
921 2117 998 2183 tota
1024 2113 1113 2182 haec
1140 2114 1369 2202 eloquentiae
1395 2135 1478 2206 par·

274 2311 275 2314 ¹
297 2225 395 2295 tium
417 2228 645 2296 enumeratio
666 2233 752 2296 ante
777 2226 841 2296 illa
866 2251 929 2296 arse
950 2251 1085 2298 omnem
1105 2231 1305 2316 quemnam,
1327 2230 1390 2300 uhi
1412 2252 1476 2301 suo

303 2341 384 2410 loco
412 2347 517 2427 esset,
556 2341 635 2410 sine
663 2341 735 2410 alia
761 2343 963 2412 mutatione
989 2345 1181 2434 transponi
1208 2353 1375 2434 nequeat,
1406 2349 1477 2416 rei·
1543 2347 1546 2354 ⁴

302 2457 433 2526 cienda
460 2462 514 2524 est
540 2457 579 2524 in
605 2458 819 2550 marginem,
846 2458 942 2526 unde
967 2459 1005 2526 in
1031 2464 1171 2528 textum
1196 2457 1476 2532 Ciceronianam

301 2572 438 2642 malum
465 2571 593 2661 pedem
619 2571 788 2642 intulisse
814 2572 967 2640 videtur.
992 2571 1070 2654 Qua
1093 2574 1237 2645 sublata
1262 2578 1277 2666 ᾗ
1300 2576 1369 2646 141
1393 2598 1474 2648 oum

300 2690 317 2779 5
342 2687 415 2758 143
441 2688 576 2776 optime
600 2687 810 2758 cohaerebit
837 2687 1152 2780 difficultatesque,
1173 2691 1304 2780 quibus
1323 2693 1474 2764 alterius

301 2803 408 2872 huius
434 2803 452 2896 ξ
477 2805 625 2875 initium
645 2805 859 2903 impeditum
882 2805 1034 2891 videtur,
1061 2827 1187 2875 omnes
1206 2807 1400 2879 tolluntur.

398 2917 416 3011 ἓ
443 2925 521 3008 144.
540 2932 616 3008 apte
628 2933 729 3006 utque
747 2925 855 2988 decom
874 2919 1031 3008 scripsit,
1050 2920 1113 3008 qui
1135 2923 1173 2989 111
1193 2921 1241 2990 32
1259 2925 1475 2994 mutilorum

301 3033 471 3104 lacunam
503 3034 693 3124 supplevit,
720 3035 815 3124 quod
848 3035 1015 3125 vulgatae
1053 3037 1230 3125 praelero,
1258 3059 1341 3108 cum
1377 3045 1476 3128 qnasi

299 3149 359 3218 hic
378 3149 525 3236 delendi
544 3169 618 3218 non
644 3150 767 3238 possit.
790 3149 884 3220 Nam
903 3151 998 3237 qnod
1017 3151 1062 3218 ad
1081 3152 1115 3220 h.
1141 3152 1164 3220 l.
1188 3152 1348 3224 Sorolius
1366 3157 1477 3226 adno-

299 3266 390 3335 tavit
410 3273 512 3351 qoori
532 3265 698 3334 additum
726 3284 814 3351 esse,
840 3266 925 3353 quia
950 3271 1108 3335 dacorum
1128 3267 1173 3337 ab
1203 3269 1345 3359 origine
1372 3254 1415 3340 de
1434 3291 1481 3340 re-

262 3397 264 3402 ’
298 3380 666 3470 oculisperoipieuda
686 3388 896 3470 poneretur,
917 3401 961 3450 ea
980 3381 1176 3453 translatio
1196 3389 1381 3456 communi
1400 3407 1476 3456 ser·

300 3517 407 3568 mone
426 3504 501 3566 tam
520 3498 610 3566 trita
633 3504 713 3567 erat
736 3504 775 3566 ut
795 3517 875 3566 eam
899 3498 1079 3587 particula
1098 3507 1198 3586 quusi
1220 3501 1363 3571 mollire
1385 3524 1474 3592 opus

299 3635 373 3684 non
400 3621 507 3684 esset.

396 3730 414 3823 ἓ
443 3737 521 3801 150.
547 3735 653 3801 Stilus
671 3741 718 3798 cst
737 3735 886 3814 optimus
904 3740 935 3796 et
950 3738 1268 3816 praestantissimus
1293 3739 1362 3803 eto.
1383 3737 1475 3806 seri·

298 3846 456 3916 bendum
476 3853 563 3938 puto
582 3847 672 3916 duce
689 3842 847 3945 Victore,
863 3842 966 3912 cuius
984 3844 1094 3914 verba
1112 3846 1232 3938 (Rhet.
1247 3847 1325 3917 Lat.
1340 3849 1422 3935 444,
1437 3849 1475 3942 2)

297 3961 483 4052 Stanglius
509 3961 634 4032 attulit
659 3958 874 4051 ‘Opust-liaeo
898 3977 980 4048 pag·
1007 3958 1064 4031 14.
1091 3961 1124 4028 13
1150 3963 1249 4032 enim
1276 3963 1329 4033 sic
1359 3964 1475 4054 loqui·

296 4083 376 4146 tur:
406 4076 539 4146 vStilus
566 4083 633 4162 est,
661 4077 781 4164 inquit
807 4075 855 4144 M·
880 4074 1030 4161 Tullius,
1054 4078 1159 4147 stilus
1191 4079 1350 4166 optimus
1380 4083 1470 4148 eto»
1502 4155 1504 4158 ,
