3382 5110
704 394 918 512 metm

220 617 302 700 Quo
323 617 363 686 in
382 615 464 684 loco·
475 621 516 685 ut
534 615 692 686 alterum
710 621 847 686 sutura
866 616 1015 686 rhetore
1034 616 1190 684 ornendi
1209 633 1318 684 cause
1337 613 1400 682 ed-

222 735 340 804 ditum
355 731 520 822 Stanglio
534 733 725 818 assentior,
737 732 790 802 ita
804 745 851 802 cst
868 731 1143 802 ciceronianum
1160 751 1239 802 esse
1254 748 1398 800 censeo.

321 848 372 917 ib.
392 846 503 918 verba
522 870 627 934 neque
646 851 780 918 intorto
796 848 935 916 frustra
954 848 1051 916 tueri
1071 853 1225 916 conetur
1240 845 1400 916 Sorolius

222 962 357 1033 collato
376 960 455 1030 loco
478 982 512 1050 p.
532 961 612 1030 Sex.
636 961 766 1030 Roscio
791 943 916 1052 §llssz
945 968 983 1030 io
1009 966 1106 1030 rebus
1121 959 1315 1030 minoribus
1333 963 1402 1044 sot-

223 1085 288 1148 toro
315 1083 554 1164 turpissimum
577 1090 623 1146 ert
637 1127 644 1146 .
658 1125 690 1146 ..
715 1097 821 1162 coque
837 1078 984 1162 iniuria,
1007 1075 1071 1146 ubi
1095 1083 1336 1165 turpissimum
1352 1086 1399 1144 cst

224 1194 319 1264 idem
338 1191 445 1280 valet,
471 1192 567 1282 quod
597 1199 636 1262 io
660 1215 794 1262 sommo
819 1197 966 1262 dedocere
983 1201 1138 1280 ponitur,
1170 1199 1210 1261 ut
1235 1196 1399 1260 extreme

222 1309 331 1378 huius
349 1308 464 1398 ipsius
485 1309 501 1398 ἓ
520 1308 784 1382 verbodocent
801 1308 963 1400 (maiores
981 1329 1070 1393 oum,
1088 1309 1151 1395 qui
1168 1313 1297 1376 socium
1310 1309 1402 1391 sepel-

226 1432 325 1510 usso,
345 1431 385 1494 cc
400 1429 563 1493 umam»
588 1407 745 1494 virorem
761 1443 904 1492 comeo
923 1425 1405 1494 purpurentur-ursum

226 1537 532 1634 protreptici.
554 1541 666 1610 etiem
689 1538 729 1633 g}
763 1538 832 1608 111
860 1545 897 1608 et
922 1537 995 1608 114
1024 1539 1187 1608 eiusdem·
1213 1538 1401 1608 orationis.

323 1655 342 1750 ὅ
369 1661 449 1727 151.
475 1675 545 1726 scr.
565 1663 628 1744 qui
649 1662 746 1726 modo
771 1660 897 1740 insint,
919 1661 961 1724 ut
982 1653 1002 1746 ἓ
1020 1653 1092 1724 179
1110 1678 1197 1741 quoe
1214 1661 1312 1724 prodo
1327 1677 1403 1744 pos·

223 1785 282 1856 set,
312 1769 377 1840 ubi
396 1770 505 1840 citius
529 1787 635 1860 quem
653 1770 721 1840 hoc
743 1769 823 1840 loco
844 1769 1083 1838 indicativum
1106 1776 1329 1860 expectares.

323 1883 451 1978 2152·
479 1890 581 1956 recte
615 1885 751 1975 Kayser
780 1889 861 1974 poet
896 1883 1008 1956 verbu
1047 1893 1154 1956 oratio
1184 1898 1402 1973 concoquetur

224 2023 299 2092 eqs.
329 2001 526 2073 semicolon
554 2002 684 2092 posuit.
711 2001 810 2078 Haeo
835 2001 935 2070 enim
955 2000 1154 2072 similitudo
1175 2021 1248 2072 non
1272 2003 1318 2070 ad
1350 2007 1404 2070 to-

225 2125 300 2190 turn
327 2121 373 2192 de
393 2119 580 2190 scribendi
598 2114 763 2187 utilitate
781 2118 1077 2207 disputationem,
1103 2118 1165 2186 sed
1187 2117 1241 2187 ed
1260 2137 1303 2186 ea
1322 2123 1404 2186 tan-

224 2242 303 2306 tum
328 2237 509 2326 pertinet,
534 2253 627 2322 quee
652 2251 674 2302 a
704 2231 825 2311 verbis
855 2246 958 2318 atquc
989 2234 1149 2301 etiornsi
1179 2241 1317 2320 quoodo
1345 2245 1404 2302 etc.

225 2341 420 2444 incipiunt.
440 2352 538 2422 Haec
564 2355 687 2420 autem
709 2347 819 2418 verba
837 2365 859 2416 a
879 2347 1129 2438 superioribus
1149 2348 1257 2438 plene
1275 2349 1404 2418 distin-

226 2471 348 2540 ctione
374 2467 577 2558 separanda
604 2465 710 2536 eund.
748 2464 889 2535 Novum
912 2463 1011 2531 enim
1037 2470 1292 2556 argumentum
1320 2483 1406 2534 con·

227 2587 359 2669 tinent,
393 2602 465 2672 quo
500 2583 706 2672 scripturae
741 2581 796 2648 vis
828 2576 1047 2650 declaretur.
1086 2579 1252 2667 Teutam,
1285 2581 1405 2670 inquit

128 2733 136 2748 ·
226 2699 388 2786 Crassus,
407 2697 518 2768 hebet
536 2698 610 2767 vim
630 2697 823 2786 scripture,
842 2701 883 2762 ut
902 2713 975 2764 non
996 2694 1126 2775 solum,
1150 2697 1214 2785 qui
1231 2697 1293 2766 diu
1314 2696 1407 2766 mul·
1484 2729 1487 2734 Α

229 2823 377 2905 tumque
396 2813 627 2904 scriptitarit,
646 2811 836 2900 siquando
854 2829 899 2880 ex
918 2815 1083 2900 tempore
1100 2811 1209 2899 dicet,
1225 2813 1277 2882 ite
1297 2813 1407 2897 dicat,

230 2934 333 3024 quasi
352 2953 395 3002 ex
422 2932 558 3021 scripto
579 2930 687 3015 dicat,
706 2928 769 2998 sed
788 2928 899 3032 etiem
920 2927 951 2996 si
970 2929 1052 3016 quis
1069 2928 1208 3018 aliquid
1226 2931 1404 3020 scriptum

228 3051 336 3122 domo
361 3047 540 3135 attulerit,
566 3066 608 3115 eo
642 3044 804 3135 perlecto
839 3049 963 3114 cetere
988 3045 1042 3114 ite
1076 3047 1185 3133 dicet,
1207 3047 1311 3137 quasi
1344 3047 1408 3118 ille

229 3185 372 3256 quoque
393 3164 534 3250 recitet,
555 3163 777 3251 scriptorum
800 3160 836 3228 vi
853 3159 1048 3250 impulsue3
1063 3167 1104 3230 ut
1125 3163 1164 3230 in
1184 3163 1332 3253 navigio
1357 3163 1408 3248 fit,

225 3281 325 3372 'quod
344 3279 456 3350 semel
481 3281 621 3368 impetu
640 3282 757 3367 capto,
779 3295 863 3346 oum
884 3277 1079 3367 remigium
1099 3279 1265 3365 cessavit,
1283 3286 1407 3348 tamen

230 3395 455 3484 aliquamdiu
475 3401 615 3465 motum
634 3401 671 3463 et
690 3411 837 3462 cursum
859 3411 965 3461 suum
986 3395 1134 3464 retinet.
1155 3393 1208 3462 Ex
1228 3393 1296 3480 his,
1316 3415 1409 3483 quae

226 3514 329 3584 ¹dicte
356 3519 452 3600 sunt,
481 3513 593 3582 etiam
619 3513 776 3580 attuleris
801 3514 838 3578 et
861 3515 1058 3578 densioris·
1073 3509 1307 3580 scribendum
1331 3529 1409 3580 esse
1477 3565 1479 3570 .

229 3636 393 3719 apparet.
418 3629 543 3718 Neque
568 3628 667 3697 enim
693 3624 772 3711 hoc,
799 3630 839 3694 ut
866 3625 1003 3714 scripto
1028 3623 1149 3714 aliquo
1172 3624 1336 3714 perlecto
1356 3647 1412 3694 re-
1469 3618 1473 3626 '

233 3743 332 3833 lique
358 3745 476 3814 cretio
501 3763 621 3833 perse
644 3744 723 3832 ipsa
743 3740 789 3809 cd
807 3738 898 3808 illud
917 3741 1185 3821 accomodetur,
1205 3740 1239 3810 ei
1265 3747 1410 3810 tantum

232 3861 378 3936 accidit,
403 3861 464 3949 qui
493 3861 554 3930 diu
580 3856 812 3948 scriptitarit,
831 3856 894 3924 sed
920 3855 1045 3926 cuivis.

332 3973 350 4066 ξ
379 3979 458 4044 158.
478 3973 719 4064 interpretari
754 3975 792 4040 et
818 3969 1005 4060 corrigere
1031 3970 1229 4060 scriptores
1256 3991 1330 4040 non
1357 3981 1412 4044 est

2 4070 6 4085 ¹
122 4087 129 4096 '
234 4061 401 4168 cretosis,
418 4091 479 4160 sed
500 4089 740 4180 grammatici.
756 4085 884 4174 ltaque
904 4091 1152 4174 interpretandi
1169 4091 1206 4154 et
1225 4093 1413 4174 corriperffl
