3382 5110
793 405 1007 499 mmm

309 609 510 678 commorare·
528 615 602 672 orte
616 606 762 688 pomini,
785 608 891 674 inseri
907 607 1045 689 quiden
1065 614 1097 672 et
1114 607 1238 674 doctori
1262 607 1309 675 od
1325 617 1403 676 crte
1415 627 1486 676 noo

309 731 459 808 possunt
484 717 545 790 Sic
578 737 656 790 esse
681 716 914 792 scribendum
938 716 1031 788 dnoe
1059 715 1118 803 32,
1147 718 1185 788 tu
1212 737 1283 806 quo
1308 724 1486 792 deiectat

308 844 410 924 pomi
444 834 591 924 legitur,
623 819 965 922 particula'qeotam
990 833 1109 919 docet,
1133 853 1204 922 qua
1227 829 1389 908 ¹Crassus
1421 835 1485 906 illa

309 951 449 1042 ingenii
468 949 563 1022 bona
583 969 630 1018 ne
648 949 798 1022 eecendi
828 947 984 1037 quiden
999 953 1080 1021 erte
1110 947 1218 1021 tacite
1250 971 1354 1040 posse
1374 953 1487 1042 signi.

309 1069 403 1140 fleat.
421 1066 522 1158 (Ci.¹§
540 1064 634 1136 170:
658 1072 699 1134 io
723 1071 781 1138 hoe
799 1069 955 1146 QUIDEM
973 1078 1064 1138 certe
1079 1089 1179 1155 ponpa
1197 1073 1296 1154 idem
1321 1069 1384 1140 ubi
1404 1091 1488 1159 par·
1565 1133 1570 1144 ,

309 1184 446 1258 ticulae
467 1188 605 1270 quidem
624 1183 679 1254 vis
704 1181 793 1252 hoec
818 1188 897 1252 est:
926 1189 988 1252 «ut
1013 1182 1221 1269 concedam,
1241 1185 1489 1272 quadrarum.

310 1323 383 1374 non
410 1307 475 1379 est,
498 1298 656 1368 aliarum
684 1317 808 1370 rerum
839 1301 1051 1368 societatem
1078 1305 1206 1386 poetae
1236 1321 1316 1371 cum
1338 1313 1487 1376 oratore

309 1437 382 1488 non
407 1436 497 1502 esse,
516 1417 555 1486 in
575 1415 643 1486 hoc
664 1414 809 1506 quidem
836 1420 939 1484 certe
961 1435 1102 1484 summe
1121 1417 1238 1508 asin).
1262 1417 1341 1499 Qus
1359 1423 1398 1498 iu
1417 1422 1487 1492 du-

307 1534 487 1607 bitatione
513 1532 768 1604 eoniunetivus
793 1547 898 1602 suurn
919 1529 1037 1622 lecum
1051 1531 1211 1603 ,obtinet

407 1647 425 1742 ξ
454 1653 532 1718 116.
559 1661 655 1716 omno
675 1651 741 1731 sere
765 1645 824 1732 32,
850 1666 942 1734 quae
968 1646 1162 1716 verborum
1188 1648 1379 1721 eollooatio
1404 1653 1486 1721 uult,

308 1771 414 1856 gatae
439 1764 595 1834 fortasse
621 1762 859 1851 praeferenda
892 1768 957 1846 est,
988 1763 1028 1832 in
1063 1781 1133 1852 qua
1164 1763 1379 1834 iliudncmo
1405 1767 1486 1856 plns

308 1901 416 1972 quam
436 1887 472 1950 et
492 1881 739 1950 neceesarium
760 1884 816 1946 est
835 1884 872 1948 et
897 1878 1033 1948 veritas
1052 1880 1192 1967 patitur
1217 1880 1378 1950 effertur.

406 1995 424 2088 ἢ
453 2000 532 2064 125.
553 2005 642 2072 ‚certe
662 2011 731 2064 om.
748 1991 797 2060 32
820 2011 888 2064 nec
907 2012 1058 2082 prorsus
1077 1997 1322 2065 necessarium
1343 2005 1438 2066 est(

405 2108 431 2202 ἔ·
452 2114 532 2182 tae.
557 2114 654 2180 Nunc
673 2113 767 2176 enim
793 2113 861 2178 etc.
880 2106 1021 2179 Nexum
1042 2110 1220 2178 orationis
1239 2111 1285 2178 ad
1310 2112 1486 2184 cotidiani

308 2227 489 2298 sermonis
511 2225 719 2298 libertatem
757 2224 1063 2296 accommodatae.
1089 2243 1197 2294 nemo
1233 2226 1361 2306 adhuc.
1388 2231 1484 2318 quod

306 2344 652 2434 seiam-perspexit.
682 2341 858 2431 Equidem
883 2343 1150 2412 sententiarum
1187 2343 1354 2413 ordinem
1386 2347 1484 2417 hunc

307 2480 394 2530 esee·
407 2466 549 2530 statuo:
576 2465 640 2526 unt
666 2457 773 2540 nobis
795 2457 968 2546 explices,
993 2459 1177 2545 quoniam,
1196 2478 1290 2548 quoe
1308 2481 1329 2528 a
1350 2469 1484 2537 natura

192 2599 194 2604 ·
307 2575 508 2666 expetenda
539 2580 635 2659 sunt,
665 2592 708 2642 ea
733 2573 824 2641 dicis
856 2591 929 2642 non
954 2572 1065 2644 nimis
1088 2574 1214 2644 deesse
1247 2575 1363 2663 nobis,
1395 2579 1483 2666 quid

307 2699 499 2784 praeterea
525 2709 604 2759 esse
623 2690 886 2760 adsumendum
913 2694 1017 2778 putes
1035 2694 1086 2774 ut,
1106 2691 1279 2778 quicquid
1297 2699 1353 2762 est
1374 2695 1483 2782 istud,

307 2809 402 2898 qnod
422 2815 462 2876 tu
481 2809 521 2878 in
540 2806 694 2880 dicendo
713 2811 815 2894 potes
832 2805 965 2896 (neque
987 2805 1085 2876 enim
1104 2825 1228 2876 sumus
1246 2807 1357 2880 nimis
1375 2810 1483 2897 avidi,

307 2925 378 2994 ista
397 2930 460 2992 tua
480 2921 654 2992 mediocri
687 2918 896 3007 eloquentia
914 2921 1081 2992 conteuti
1106 2919 1255 3014 sumus),
1275 2922 1313 2994 id
1331 2941 1397 2994 nos
1422 2925 1485 2996 ad..

305 3059 533 3128 sequamur.»
560 3039 664 3108 Hanc
684 3039 905 3112 sententiam
925 3037 1008 3121 nisi,
1038 3041 1079 3107 ut
1098 3035 1187 3123 dixi,
1209 3038 1386 3112 cotidiani
1408 3061 1484 3112 ser·

307 3157 425 3226 monis
465 3154 675 3224 liberiorem
701 3153 1000 3224 consuetudinem
1029 3158 1158 3224 auctor
1180 3153 1403 3242 imitaretur,
1421 3159 1505 3229 sio·

307 3275 536 3363 expositurus
567 3277 671 3340 erat:
698 3274 761 3339 «ut
783 3267 889 3339 uobis
909 3267 1080 3358 explices,
1099 3269 1272 3358 quicquid
1298 3278 1354 3342 est
1374 3273 1484 3360 istud,

306 3391 401 3481 quod
420 3396 461 3458 tu
479 3387 688 3478 indicendo
707 3391 810 3476 potes
825 3384 957 3475 (neque
976 3384 1075 3454 enim
1094 3403 1219 3454 sumus
1237 3387 1349 3460 nimis
1368 3389 1486 3475 evidi;

305 3509 375 3576 istu
394 3513 458 3574 tna
483 3504 658 3574 mediocri
684 3500 892 3590 eloquentia
916 3500 1081 3572 contenti
1114 3502 1262 3594 sumus),
1289 3509 1329 3573 nt
1345 3504 1387 3594 id
1418 3523 1487 3576 nos

306 3639 553 3709 assequemur,
575 3618 758 3705 quoniam,
791 3635 960 3703 quae...
987 3633 1061 3686 non
1084 3615 1195 3688 nimis
1219 3616 1345 3686 deesse
1366 3612 1484 3706 nohis,

306 3739 392 3828 qnid
418 3740 608 3826 praeterea
647 3733 904 3804 assumendum
942 3736 1079 3820 putes.»
1114 3730 1183 3802 Sed
1207 3749 1307 3818 cum,¹
1335 3741 1485 3824 propter

306 3860 361 3922 tot
395 3850 506 3920 verba
540 3847 720 3940 (quicquid
749 3861 795 3916 est
809 3900 817 3915 .
831 3899 839 3916 .
852 3899 881 3915 ..
905 3851 1057 3918 contecti
1091 3845 1229 3939 scmus)
1254 3849 1483 3937 interposita,

306 3968 369 4040 illa
407 3978 447 4034 ct
480 3969 574 4032 cobis
599 3969 746 4051 cepticos,
777 3983 820 4031 ex
842 3961 1018 4030 memoria
1045 3977 1183 4048 eorum,
1209 3963 1272 4050 qui
1300 3964 1482 4052 audirent,

306 4085 427 4173 elapsa
454 4080 677 4163 viderentur,
707 4080 904 4168 repetenda
929 4083 1009 4146 erat
1035 4076 1161 4146 eadem
1190 4079 1374 4150 sententia
1399 4079 1482 4148 aliis
