3382 5110
797 427 815 498 5

314 649 456 718 Codicis
483 652 639 738 primam
670 671 818 719 manum
840 655 927 743 nota
950 649 977 717 L
1004 649 1060 730 vel
1087 649 1138 736 L¹,
1159 649 1315 717 alteram
1342 648 1394 732 L²,

215 767 363 835 tertiam
385 767 424 834 L³
445 768 567 835 notavi
591 773 626 835 et
647 769 699 836 sio
719 787 837 856 porro.
859 765 986 834 Plures
1006 765 1162 834 enimin
1182 767 1250 833 hoc
1271 764 1393 832 codice

216 882 432 971 corrigendo
458 882 592 949 versati
620 887 716 949 sunt.
743 880 903 963 Quorum
926 882 1171 951 correctiones
1192 881 1327 969 partim
1351 899 1394 946 ex

216 996 360 1086 vulgata
386 997 568 1084 scriptura
602 997 737 1085 partim
772 997 955 1085 exipsius
991 997 1210 1064 correctoris
1244 995 1394 1084 ingenio

213 1113 363 1180 haustae
390 1117 485 1179 sunt.
509 1111 638 1181 Paucis
664 1111 753 1180 locis
773 1132 853 1179 cum
876 1132 992 1200 nuper
1016 1110 1249 1179 collationem
1270 1131 1390 1179 meam

214 1248 294 1296 cum
310 1227 542 1296 Ellendtiono
559 1228 679 1296 indice
696 1247 911 1318 comparans
930 1228 1110 1295 diversam
1127 1226 1178 1294 ibi
1196 1227 1392 1296 lectionem

213 1345 433 1413 invenissem
453 1345 492 1411 in
513 1345 653 1412 schedis
675 1345 767 1411 meis
787 1365 859 1414 non
875 1349 1071 1429 renotatam,
1086 1363 1216 1412 verens
1236 1345 1389 1432 nequid

213 1461 400 1530 oculorum
426 1460 528 1549 lapsu
555 1461 882 1548 praetermisissem
908 1459 1002 1548 quod
1029 1479 1069 1526 re
1094 1480 1180 1527 vera
1198 1461 1245 1528 in
1266 1461 1391 1529 codice
1460 1509 1463 1517 ·

213 1582 308 1644 esset
344 1576 434 1643 haec
460 1595 600 1662 quoque
626 1575 767 1642 inserui
792 1580 879 1643 nota
903 1573 971 1666 [Ε]
995 1574 1192 1663 adscripta.
1214 1575 1393 1663 Perpauci

213 1711 309 1777 vero,
335 1693 494 1779 inquam,
520 1692 660 1758 sunici
687 1689 769 1774 loci,
802 1690 846 1757 de
866 1688 997 1777 quihus
1015 1690 1107 1756 mihi
1125 1691 1205 1757 iure
1230 1689 1392 1759 dubitari

212 1826 316 1894 posse
343 1808 389 1874 sit
416 1807 550 1890 visum3
571 1811 680 1893 atque
704 1805 837 1893 ubique
860 1805 1054 1874 levissimis
1080 1805 1118 1872 in
1140 1805 1248 1874 rebus
1274 1807 1393 1895 posita

212 1927 266 1990 est
288 1909 546 2010 discrepantia.

309 2037 501 2126 Reliquum
540 2042 593 2104 est
626 2042 666 2103 ut
693 2037 828 2105 eruditi
858 2036 1008 2104 lectoris
1038 2035 1261 2125 benignitati
1293 2038 1391 2108 hunc

213 2149 376 2221 libellum
401 2153 662 2236 commendem,
682 2153 744 2240 qui
764 2153 794 2219 si
814 2152 870 2220 vel
890 2151 1073 2220 tantulum
1094 2153 1139 2220 ad
1160 2155 1291 2221 summi
1312 2175 1392 2223 ora·

213 2269 303 2336 toris
342 2269 528 2358 egregium
570 2287 657 2356 opus
684 2267 741 2334 vel
774 2269 911 2336 rectius
947 2265 1232 2356 intellegendum
1259 2268 1315 2336 vel
1352 2271 1390 2337 in

211 2383 409 2472 pristinum
442 2384 669 2472 splendorem
700 2383 965 2452 restituendum
1007 2383 1172 2470 attulisse
1208 2383 1392 2455 existima·

210 2499 322 2585 bitur,
344 2501 432 2568 satis
453 2501 543 2568 mihi
563 2519 733 2589 magnum
754 2499 890 2568 laboris
913 2501 986 2568 mei
1004 2500 1163 2568 fructum
1184 2503 1389 2589 percepisse

211 2617 393 2686 videbor*.

291 2848 303 2873 *
323 2845 457 2903 codicem
472 2845 580 2900 contuli
595 2861 660 2900 cum
677 2845 843 2901 recensione
860 2845 994 2901 Pideritii
1009 2847 1114 2912 altera,
1129 2855 1204 2916 quae
1216 2863 1291 2903 anno
1309 2846 1389 2902 1862

208 2943 323 3015 Lipsiae
352 2944 429 3000 edita
452 2945 506 3000 est.
528 2943 586 2997 Hoc
608 2941 685 2998 enim
711 2944 874 3014 exemplum
903 2947 965 3000 tum
987 2942 1058 2998 mihi
1089 2949 1205 3014 praesto
1234 2949 1298 3001 erat
1322 2961 1388 3000 eum

209 3041 335 3096 codicem
357 3037 524 3096 Florentiae
540 3037 767 3110 pertractabam.
785 3039 831 3094 Ita
851 3040 958 3110 siquis
978 3055 1044 3096 mea
1063 3039 1216 3096 collatione
1236 3041 1279 3095 uti
1300 3042 1387 3110 volet,

208 3140 259 3195 illa
280 3139 307 3194 ei
329 3138 416 3194 editio
438 3116 609 3194 assumenda
629 3138 682 3190 eet.
