3382 5110
770 405 982 522 mim

389 620 482 716 §174
508 628 565 690 Est
592 632 695 691 onim.
722 631 779 694 Est
810 627 999 715 rescripsit
1020 625 1060 692 Ι]
1081 645 1184 694 eraso
1212 625 1283 693 elio
1310 626 1467 712 quodam
1504 598 1509 605 ¹

291 738 473 807 vocabulo.
484 777 532 790 -·
542 747 734 810 inridendo.
746 781 790 800 -·.-
803 747 1056 824 confirmando.
1073 743 1114 810 Ι]
1128 741 1223 809 Ο;-
1235 749 1468 828 enproonondo.

290 854 331 921 Ι]
351 862 712 941 ωιτη-10161111.
733 858 801 926 Sed
818 853 967 948 ‘signum
991 857 1136 926 litterae
1159 883 1184 924 n
1204 859 1358 927 fortasse
1379 859 1420 926 Ι]
1441 880 1468 926 s.

289 991 315 1038 s,
334 1009 381 1032 -v
399 976 540 1039 breritos
567 979 799 1058 respondendi.

387 1084 407 1176 ἓ.
435 1091 489 1154 18.
516 1093 807 1173 oneotptorumpoo
834 1095 893 1156 ris.
919 1088 989 1156 Sed
1013 1112 1076 1173 qne
1102 1087 1381 1156 add.L²..1dem
1413 1095 1470 1156 ius

288 1219 355 1288 pro
388 1209 613 1286 ets-oeque
639 1223 708 1271 om.
725 1241 774 1254 -·
789 1227 837 1272 no.
862 1203 903 1270 Ι]
930 1215 1051 1270 out-
1065 1209 1338 1288 confirmatione.
1360 1205 1406 1270 Ι]
1428 1203 1469 1272 Ο.

289 1323 390 1384 -in
414 1325 490 1386 orts.
524 1326 563 1386 in
584 1321 622 1387 in
652 1339 788 1387 rasura.
812 1319 936 1388 Fuisse
970 1311 1111 1390 videtur
1144 1335 1157 1388 t
1184 1327 1297 1390 moris.
1323 1321 1363 1388 Ι]
1392 1341 1418 1388 s.
1441 1342 1468 1387 s.

295 1441 383 1520 lopo:
405 1443 444 1502 tn
470 1443 546 1504 oris.
561 1451 651 1504 -et
674 1450 795 1507 motos.
815 1451 844 1506 et
864 1439 941 1506 add.
956 1438 1064 1505 L².-
1077 1446 1154 1523 quis
1173 1417 1303 1523 ipooret
1315 1453 1388 1507 -t
1412 1447 1468 1508 in-

293 1554 409 1616 uentis.
429 1547 497 1615 Sed
517 1563 530 1616 t
554 1569 709 1616 erasum·

157 1692 163 1702 ·
261 1749 262 1754 ἵ
389 1662 407 1754 ἓ
436 1669 490 1731 19.
514 1688 617 1750 quom
636 1689 674 1733 eor
698 1672 773 1734 tots.
798 1691 900 1751 quom
921 1687 941 1733 a
964 1687 1019 1754 pr·
1046 1686 1157 1734 manu
1183 1666 1291 1734 fuisse
1314 1667 1465 1734 videtur.

292 1778 388 1847 Hine
413 1783 549 1850 factum
575 1789 723 1866 quondo.
742 1782 820 1862 Quo
840 1789 1019 1872 expuncto
1039 1783 1080 1849 Ι]
1106 1804 1133 1850 s.
1161 1803 1187 1850 s.
1214 1807 1326 1867 quom.
1351 1783 1402 1850 lb.
1422 1803 1466 1850 ex

293 1882 359 1963 ltio's
378 1895 419 1962 Ι]
439 1897 525 1964 feeit
545 1903 605 1964 uos.
617 1936 665 1948 --
672 1905 849 1983 potiusque
871 1905 1058 1982 liberosque.
1078 1897 1280 1986 Uirumque
1303 1923 1366 1983 qno
1388 1919 1467 1968 era·

294 2031 382 2078 sum·
395 2049 443 2061 -
457 2024 637 2097 ceterosque
655 2013 733 2080 add.
747 2013 945 2080 L².--coro.
964 2013 1004 2080 Ι]
1024 2021 1068 2082 ot.
1088 2022 1292 2082 ooro.--ots.
1312 2015 1353 2081 Ι]
1366 2021 1464 2102 dopo:

293 2133 448 2198 dis-re
473 2134 509 2196 to
534 2129 612 2196 add.
635 2128 687 2195 Ι].

388 2243 405 2336 ἓ
425 2249 481 2312 20.
500 2249 561 2313 hoe
579 2267 663 2313 ouen.
679 2243 748 2312 Sed
763 2251 824 2312 too
842 2245 882 2311 in
895 2263 1035 2312 rasura.
1051 2243 1174 2312 Fuisse
1195 2245 1337 2314 videtur
1358 2268 1467 2312 oe„

117 2412 120 2419 .
158 2403 160 2409 ι
294 2365 492 2448 Effloresoot.
505 2360 573 2428 Sed
591 2366 627 2444 os
639 2361 776 2428 addidit
790 2360 1108 2446 L².-orotio,quoe
1122 2368 1192 2428 nist
1209 2367 1254 2428 sit
1268 2367 1310 2428 ob
1324 2374 1466 2429 orotoro.
1498 2432 1500 2437 ,

391 2476 409 2569 Ξ
431 2483 487 2545 21.
509 2489 549 2542 ot
570 2482 621 2544 his
636 2483 972 2562 protorum-videtur.
994 2477 1034 2543 Ι]
1058 2483 1465 2565 videatne-proposito.

290 2593 360 2662 Sed
384 2615 447 2680 pro
475 2592 554 2660 add.
584 2591 635 2658 Ι].
1261 2602 1266 2608 ’

391 2716 493 2809 ἓ-22.
510 2723 661 2803 portione
693 2721 766 2783 tono
790 2719 953 2800 quadarn.
980 2712 1020 2779 Ι]
1044 2719 1089 2782 ol.
1113 2720 1302 2800 portionem
1323 2721 1461 2798 qnoda3

290 2853 383 2923 quae
422 2838 503 2922 post
533 2831 683 2899 inducta
722 2837 759 2898 et
783 2837 935 2918 portione
971 2830 1010 2897 in
1042 2836 1235 2916 portionem
1272 2835 1464 2898 mutatum.

220 2922 229 2938 „
290 2954 363 3016 toro
376 2966 516 3035 quoque
535 2947 916 3029 inductum-fecisse
934 2951 1025 3012 video
1044 2943 1123 3012 add.
1141 2943 1465 3014 L².-otoborossern

290 3064 331 3132 Ι]
356 3062 499 3129 induxit
526 3068 826 3148 m.-soposo·isso.
847 3059 887 3126 Ι]
908 3061 986 3128 add.
1008 3081 1048 3127 se.
1062 3097 1112 3112 -
1125 3065 1393 3129 deliberationem.
1413 3062 1464 3130 Ex

290 3179 510 3250 arefactum
537 3199 599 3260 ne,·
627 3197 697 3266 quo
723 3176 841 3246 deleto
866 3177 1086 3262 rescriptum
1110 3183 1395 3260 num-mont
1413 3201 1466 3246 ro

289 3297 457 3382 quisituri
469 3343 476 3358 .
495 3346 502 3362 .
519 3345 547 3361 ..
567 3296 787 3379 dispototh.
814 3289 883 3358 Sed
913 3313 974 3356 om
1002 3289 1194 3377 utrobique
1221 3289 1266 3357 ab
1300 3287 1351 3359 Ι].
1377 3291 1467 3360 Fue-

291 3415 349 3478 rat
376 3409 489 3497 igitur
511 3432 542 3477 o.
556 3421 663 3475 —est
692 3413 871 3475 tributum.
893 3405 963 3473 Pro
984 3418 1031 3473 est
1050 3405 1091 3472 Ι]
1111 3419 1150 3474 ot.

389 3523 407 3616 ἓ
427 3529 484 3592 23.
501 3529 715 3609 dipnitotem.
730 3548 767 3590 no
785 3522 927 3590 induxit
944 3521 995 3588 L².
1007 3545 1138 3607 -qno
1154 3522 1195 3589 Ι]
1209 3523 1287 3590 add.
1307 3531 1337 3591 d.
1350 3513 1470 3610 —qoo

291 3645 586 3726 itte-perenm.
610 3639 650 3705 Ι]
679 3650 689 3704 t
709 3657 775 3726 pro
801 3661 829 3705 r.
844 3675 893 3690 -
907 3649 1047 3723 possent.
1063 3635 1235 3724 Sequitur
1256 3657 1390 3706 vacuus
1416 3638 1468 3707 lo-

293 3771 356 3823 eus
382 3771 582 3842 paucorum
607 3751 801 3820 verborum
828 3752 906 3818 sine
932 3748 1072 3818 lacuna.
1107 3795 1111 3802 -

266 3917 270 3926 ,
390 3867 490 3961 224.
516 3866 600 3935 Post
622 3871 771 3952 infringit
805 3885 951 3933 erasum
979 3865 1339 3954 aliquid-nemini.
1373 3885 1467 3934 corr.

295 3985 406 4055 L².—-
418 4007 514 4054 socer.
532 4005 679 4052 sonorum
698 3981 749 4048 L².
764 4021 814 4039 -
825 3991 928 4069 foeott
948 3982 1122 4073 expunxit
1143 3981 1184 4048 Ι]
1201 3987 1238 4048 et
1263 3983 1468 4070 superscri-

294 4099 367 4193 psit
392 4102 504 4184 (uisse
