3382 5110
858 431 898 476 10

773 501 982 520 MNWWWVV

285 628 464 690 —Vereor
495 626 579 689 tout
606 618 712 713 (houd
736 621 823 689 fecit
850 622 904 716 L²)
930 628 991 690 tibi
1019 641 1116 708 posse.
1138 621 1178 688 L²
1199 639 1303 689 eraso
1324 643 1340 688 e
1359 621 1462 689 verbi

285 759 374 824 posse
395 755 422 804 s.
447 757 474 805 s,
493 743 713 806 it-iuitio.
731 737 772 806 Ι]
792 737 1002 825 praeposuit
1023 741 1074 804 cb.
1088 775 1138 790 -
1154 741 1320 806 Contione.
1342 735 1411 803 Sed
1430 739 1461 802 0²

286 851 366 919 add·
386 851 599 920 L².-omui
616 851 695 919 add.
710 852 760 920 L2.
775 891 825 906 -
840 858 1081 920 humanitatis.
1099 857 1246 919 dumoui
1262 851 1301 918 in
1320 869 1461 921 rasura.

383 967 401 1060 ξ
427 973 483 1038 36.
507 981 569 1035 out
597 973 701 1036 silvie.
723 966 889 1037 Correxit
912 968 963 1036 L2.
977 1007 1027 1021 -
1043 973 1114 1037 Nou
1132 974 1360 1054 peredeutturu
1379 968 1460 1036 add.

286 1084 326 1151 1.ι
338 1123 388 1138 -
401 1089 596 1152 delinitum.
616 1082 685 1151 Sed
701 1083 803 1171 prius
819 1091 831 1152 t
850 1084 889 1152 in
908 1089 1341 1152 rasura-dissertorum
1360 1083 1461 1171 prius

284 1224 311 1286 s,
335 1206 374 1268 ut
394 1199 483 1270 alibi
503 1219 620 1287 saepe,
640 1199 815 1288 expunxit
833 1201 1096 1298 L²·-sepsisse.
1116 1199 1186 1267 Sed
1204 1223 1219 1268 s
1239 1205 1318 1288 post
1338 1225 1360 1285 p
1380 1200 1460 1268 add.

285 1316 448 1386 L².-ot
473 1337 557 1384 vero.
580 1312 684 1382 Corr.
708 1314 1082 1384 L².-coustitueudis.
1109 1314 1150 1382 L²
1164 1321 1394 1384 instituendis.

382 1430 400 1523 ἓ
427 1435 483 1499 37.
507 1435 568 1499 tibi
590 1430 671 1499 add.
690 1430 741 1498 L².
758 1470 808 1484 -
823 1435 1030 1500 Sabinorum
1055 1438 1226 1516 couiupto·
1251 1430 1292 1500 L²
1313 1452 1347 1500 u.
1373 1437 1461 1498 t.-

284 1549 337 1614 Sic
355 1552 514 1633 deinceps,
541 1566 635 1614 corr.
661 1546 713 1612 L².
1074 1527 1087 1554 ⁸

380 1660 399 1752 ἓ
422 1666 478 1729 38.
498 1667 657 1729 civitatis.
678 1660 747 1728 Sed
767 1684 784 1728 s
802 1660 965 1729 additum
990 1660 1133 1728 videtur
1153 1660 1197 1730 ah
1218 1660 1458 1749 L².—p0ssiui.

285 1772 355 1840 Sed
369 1797 405 1842 ru
426 1775 465 1842 in
486 1789 731 1842 rasura—set
752 1795 796 1842 ex
816 1781 846 1842 si
863 1774 951 1842 fecit
970 1774 1127 1844 L².·-Tt.
1141 1774 1209 1843 Sed
1228 1782 1241 1843 i
1261 1776 1299 1843 in
1320 1795 1458 1842 rasura.

283 1894 395 1957 -sed
417 1897 513 1958 oudo
530 1903 631 1975 etque
650 1897 753 1960 verto.
773 1890 813 1957 L²
832 1891 912 1959 add.
935 1895 1115 1975 liberrimo,
1139 1891 1233 1978 quod
1254 1897 1334 1980 post
1355 1891 1460 1959 indu·

284 2009 395 2072 ctum.
408 2042 458 2057 —
471 2011 650 2074 libertinos.
675 2005 746 2074 Sed
771 2029 786 2074 s
812 2006 949 2074 addidit
971 2005 1024 2074 L².
1041 2045 1091 2060 -
1104 2013 1230 2076 diserti.
1255 2007 1361 2075 Prius
1387 2008 1458 2075 tin

284 2139 422 2188 rasura.
436 2158 486 2173 -
499 2127 626 2190 ooiteis
647 2121 716 2191 Sed
741 2147 757 2192 e
778 2142 934 2191 erasum·
952 2162 1002 2176 -
1018 2129 1272 2210 disparuerunt.
1299 2123 1339 2190 L²
1371 2124 1459 2192 fecit
1520 2132 1526 2144 '

181 2285 184 2294 ,
283 2241 414 2322 dissip.

381 2349 399 2442 ξ
420 2355 476 2418 39.
493 2358 577 2436 quid
595 2351 681 2420 fecit
691 2353 741 2422 12².
749 2353 883 2421 Eadem
896 2371 1027 2420 manus
1039 2352 1176 2419 addidit
1193 2356 1458 2438 tepea-(tuitus

282 2486 336 2550 epo
354 2477 384 2533 et
406 2479 444 2533 tu
474 2489 553 2534 cum
572 2491 711 2553 mupuu.
733 2468 835 2550 Quod
854 2469 895 2535 L²
915 2468 1052 2536 addidit
1074 2472 1185 2537 Cresco
1204 2467 1297 2556 (post
1320 2465 1369 2561 tu)
1402 2474 1457 2535 est

281 2579 436 2648 fortasse
460 2579 633 2670 scholion.
651 2623 701 2638 -
719 2591 1073 2653 cerimoniae-riou
1099 2595 1170 2651 out.
1196 2581 1298 2651 Corr.
1318 2583 1369 2652 L².
1443 2581 1444 2586 ’
1536 2655 1540 2662 ,

379 2693 397 2786 ἕ
420 2700 474 2763 40.
496 2695 592 2764 Ante
612 2703 795 2767 Aemilium
814 2699 917 2766 abest
937 2704 970 2765 M
984 2691 1068 2789 (Pro
1088 2715 1130 2765 eo
1150 2696 1302 2786 rasura).
1326 2696 1458 2785 Super-

282 2809 426 2898 scripsit
444 2811 550 2877 L².-
566 2817 716 2883 docum
734 2822 858 2902 ipsum.
876 2817 916 2882 L²
933 2819 1063 2884 Cotum.
1077 2852 1127 2867 -
1142 2801 1201 2899 qui
1223 2826 1270 2882 tu.
1287 2811 1390 2881 Corr.
1415 2813 1456 2880 L²

279 2961 329 2975 -
341 2929 524 3009 pertulisti.
544 2925 585 2991 L²
605 2933 794 3013 perpulisti.
810 2967 860 2982 -
874 2934 1055 2997 institutis.
1075 2926 1115 2994 L²
1136 2932 1180 2994 oi.
1201 2931 1336 3010 studiis,
1362 2925 1457 3013 quod

281 3042 361 3125 post
386 3037 586 3106 inductum.
601 3079 652 3094 --
668 3053 739 3128 post
765 3054 804 3126 te,
829 3047 949 3111 Cresco.
967 3040 1071 3109 Corr.
1100 3041 1152 3108 L².
1166 3063 1368 3110 -rnuuere
1391 3047 1457 3110 ott·

150 3243 153 3250 ¹
279 3158 377 3236 quod.
395 3150 497 3221 Corr.
519 3154 570 3222 L².

376 3265 395 3358 Ξ
423 3273 478 3337 41.
499 3280 555 3336 tuo
573 3275 657 3338 iuro.
677 3268 717 3336 L²
738 3269 946 3357 praeposuit
962 3293 1035 3357 pro.
1050 3307 1100 3322 —
1115 3293 1137 3336 u
1165 3281 1234 3338 tuo.
1268 3267 1369 3336 Corr.
1396 3268 1449 3335 L².

277 3415 327 3430 -
338 3404 531 3466 praeessem.
547 3421 597 3436 —
610 3389 826 3452 contruderet.
849 3381 952 3452 Corr.
973 3384 1086 3452 L².-
1105 3407 1224 3454 mortu.
1250 3384 1290 3451 L²
1316 3383 1454 3452 addidit

276 3517 417 3581 utcouo,
449 3498 544 3585 quod
570 3505 650 3587 post
679 3499 866 3567 inductum
883 3537 933 3552 -
950 3505 1122 3568 inruisses.

374 3609 392 3702 ἓ
415 3617 469 3680 42.
485 3619 670 3700 Pictoporei
689 3637 800 3682 omues
814 3607 915 3700 etque
933 3620 985 3682 dei
999 3620 1144 3683 uocrtti.
1163 3612 1203 3680 L²
1219 3621 1251 3682 ci
1266 3633 1294 3681 s-
1314 3635 1455 3682 s--ce·

279 3729 341 3792 teri
365 3745 429 3809 que
446 3733 486 3794 iu
509 3750 568 3796 suo
587 3731 714 3820 [persero
733 3728 814 3796 add·
833 3728 889 3817 L']
906 3734 1039 3816 physici
1066 3735 1278 3806 vindicarent
1303 3732 1381 3821 [pue
1400 3753 1452 3796 or-

276 3844 355 3907 uoti
373 3839 454 3909 add·
473 3841 528 3931 L²]
551 3851 590 3912 iu
608 3851 814 3913 diceudo—
828 3851 962 3912 iustuoe
980 3857 1244 3913 sacromentum.
1272 3845 1313 3913 In
1333 3844 1452 3915 altero

276 3953 387 4024 verbo
417 3977 512 4027 corr.
536 3959 590 4027 L2.
607 3999 656 4014 --
670 3968 742 4029 totu
771 3965 1044 4047 philosophorum
1076 3982 1194 4046 propos.
1212 3966 1287 4028 Ioue
1318 3981 1455 4049 expun-

277 4074 390 4137 ctum.
